%%%%%%%%%%
% Bibliography for: simPH: An R Package for Showing Estimates for Interactive and Nonlinear Effects from Cox Proportional Hazard Models
% Christopher Gandrud
%%%%%%%%%%

@ARTICLE{gandrud2015,
    title        = "{simPH}: An {R} Package for Illustrating Estimates from Cox Proportional Hazard Models Including for Interactive and Nonlinear Effects",
    author       = "Christopher Gandrud",
    journal      = "Journal of Statistical Software",
    year         = "2015",
    volume       = "65",
    number       = "3",
    pages        = "1--20",
    url          = "https://www.jstatsoft.org/v65/i03/"
}

@Manual{UCLAtest,
  author = {{UCLA Academic Technology Services}},
  title = {R Textbook Examples: Applied Survival Analysis, by Hosmer and Lemeshow},
  year = {2014},
  url = {https://www.ats.ucla.edu/stat/r/examples/asa/asa_ch4_r.htm}
}

@book{hosmer2008,
  title={Applied Survival Analysis: Regression Modeling of Time to Event Data},
  author={Hosmer Jr, David W and Lemeshow, Stanley and May, Susanne},
  volume={618},
  year={2008},
  edition = {2nd},
  publisher={Wiley-Interscience}
}

@Manual{StataCite,
  title = {Stata Statistical Software: Release 11},
  author = {{StataCorp}},
  address = {College Station, TX},
  year = {2009},
}

@Manual{RCore,
    title = {R: A Language and Environment for Statistical Computing},
    author = {{R Core Team}},
    organization = {R Foundation for Statistical Computing},
    address = {Vienna, Austria},
    year = {2013},
    url = {https://www.R-project.org/},
  }

@BOOK{Tufte2001,
  author = {Edward R. Tufte},
  title = {The Visual Display of Quantitative Information},
  publisher = {Graphics Press},
  address = {Cheshire, CT},
  year = {2001},
  edition = {2nd}
}

@misc{Hsiang2012,
  author = {Solomon M. Hsiang},
  title = {Visually-Weighted Regression},
  year = {2012},
  note = {Available at: \url{https://dl.dropboxusercontent.com/u/3011470/WorkingPapers/HSIANG_VISUALLY_WEIGHTED_REGRESSION_v1.pdf}}
}

@article{Strasak2009,
  author = {Strasak, Alexander M and Lang, Stefan and Kneib, Thomas and Brant, Larry J and Klenk, Jochen and Hilbe, Wolfgang and Oberaigner, Willi and Ruttmann, Elfriede and Kaltenbach, Lalit and Concin, Hans and Diem, G\"{u}nther and Pfeiffer, Karl P and Ulmer, Hanno},
  title = {Use of Penalized Splines in Extended Cox-Type Additive Hazard Regression to Flexibly Estimate the Effect of Time-varying Serum Uric Acid on Risk of Cancer Incidence: A Prospective, Population-Based Study in 78,850 Men},
  journal = {Annals of Epidemiology},
  year = {2009},
  volume = {19},
  number = {1},
  pages = {15--24}
}

@article{Eilers1996,
  author = {Eilers, Paul H C and Marx, Brian D},
  title = {{Flexible Smoothing with B-splines and Penalties}},
  journal = {Statistical Science},
  year = {1996},
  volume = {11},
  number = {2},
  pages = {89--102}
}

@MANUAL{Stata2011,
  author = {StataCorp},
  title = {Stata Statistical Software: Release 12},
  year = {2011},
  address = {College Station, TX},
  publisher = {StataCorp LP}
}

@BOOK{Box1973,
  author = {Box, G. E. P. and Tiao, G. C.},
  title = {Bayesian Inference in Statistical Analysis},
  year = {1973},
  publisher = {Wiley Classics},
  address = {New York}
}

@article{Liu2013,
author = {Liu, Ying and Gelman, Andrew and Zheng, Tian},
title = {{Simulation-efficient Shortest Probability Intervals}},
journal = {Arvix},
year = {2013},
pages = {1--22},
note = {\url{https://arxiv.org/pdf/1302.2142v1.pdf}}
}

@article{Hyndman1996,
author = {Hyndman, Rob J},
title = {{Computing and Graphing Highest Density Regions}},
journal = {The American Statistician},
year = {1996},
volume = {50},
number = {2},
pages = {120--126}
}

@article{Achen2002,
author = {Achen, Christopher H},
title = {{Toward a New Political Methodology: Microfoundations and ART}},
journal = {Annual Review of Political Science},
year = {2002},
volume = {5},
pages = {423--450}
}

@book{Kleinbaum2011,
  author = {David G. Kleinbaum and Mitchel Klein},
  title = {Survival Analysis: A Self-Learning Text},
  edition = {3rd edition},
  publisher = {Springer-Verlag},
  year = {2011},
  address = {New York}
}

@article{Carpenter2002,
  author = {Carpenter, Daniel P.},
  title = {{Groups, the Media, Agency Waiting Costs, and FDA Drug Approval}},
  journal = {American Journal of Political Science},
  year = {2002},
  volume = {46},
  number = {3},
  pages = {490--505},
  month = apr
}

@book{Therneau2000,
  title={Modeling Survival Data: Extending the Cox Model},
  author={Therneau, T.M. and Grambsch, P.M.},
  isbn={9780387987842},
  lccn={00030758},
  series={Statistics for Biology and Health},
  year={2000},
  publisher={Springer-Verlag}
}

@article{BoxSteffensmeier2003,
  author = {Box-Steffensmeier, Janet M and Reiter, Dan and Zorn, Christopher J.},
  title = {{Nonproportional Hazards and Event History Analysis in International Relations}},
  journal = {Journal of Conflict Resolution},
  year = {2003},
  volume = {47},
  number = {1},
  pages = {33--53}
}

@article{Grambsch1994,
author = {Grambsch, Patricia M and Therneau, Terry M},
title = {{Proportional Hazards Tests and Diagnostics Based on Weighted Residuals}},
journal = {Biometrika},
year = {1994},
volume = {81},
number = {3},
pages = {515--526}
}

@article{Therneau1990,
  author = {Therneau, Terry M and Grambsch, Patricia M and Fleming, Thomas R},
  title = {{Martingale-based Residuals for Survival Models}},
  journal = {Biometrika},
  year = {1990},
  volume = {77},
  number = {1},
  pages = {147--160}
}

@article{Licht2011,
  author = {Licht, Amanda A},
  title = {{Change Comes with Time: Substantive Interpretation of Nonproportional Hazards in Event History Analysis}},
  journal = {Political Analysis},
  year = {2011},
  volume = {19},
  pages = {227--243},
  month = sep
}

@electronic{Licht2011data,
  author = {Licht, Amanda A},
  title = {Replication data for: Change Comes with Time},
  publisher = {IQSS Dataverse Network [Distributor] V3 [Version]},
  url = {https://hdl.handle.net/1902.1/15633},
}

@article{Gandrud2012,
  author = {Gandrud, Christopher},
  title = {{The diffusion of financial supervisory governance ideas}},
  journal = {Review of International Political Economy},
  year = {2012},
  pages = {1--36},
  month = dec
}

@book{Keele2008,
  author = {Luke Keele},
  title = {Semiparametric Regression for the Social Sciences},
  publisher = {John Wiley \& Sons},
  year = {2008},
  address = {Chichester}
}

@article{Keele2010,
  author = {Keele, Luke},
  title = {{Proportionally Difficult: Testing for Nonproportional Hazards in Cox Models}},
  journal = {Political Analysis},
  year = {2010},
  volume = {18},
  number = {2},
  pages = {189--205}
}

@article{Galati2012,
  author = {Galati, Gabriele and Moessner, Richhild},
  title = {{Macroprudential Policy: A Literature Review}},
  journal = {Journal of Economic Surveys},
  year = {2012}
}

@article{Zartman2001,
author = {Zartman, William},
title = {{The Timing of Peace Initiatives}},
journal = {Global Review of Ethnopolitics: Formerly Global Review of Ethnopolitics},
year = {2001},
volume = {1},
number = {1},
pages = {8--18}
}

@article{Kalyvas2010,
author = {Kalyvas, Stathis N and Balcells, Laia},
title = {{International System and Technologies of Rebellion: How the End of the Cold War Shaped Internal Conflict}},
journal = {American Political Science Review},
year = {2010},
volume = {104},
number = {3},
pages = {415--429}
}

@article{Cederman2010,
author = {Cederman, Lars-Erik and Wimmer, Andreas and Min, Brian},
title = {{Why Do Ethnic Groups Rebel?: New Data and Analysis}},
journal = {World Politics},
year = {2010},
volume = {62},
number = {1},
pages = {87--119}
}

@article{Hegre2001,
author = {Hegre, H{\aa}vard and Ellingsen, Tanja and Gates, Scott and Gleditsch, Nils Petter},
title = {{Toward a Democratic Civil Peace? Democracy, Political Change, and Civil War, 1816-1992}},
journal = {American Political Science Review},
year = {2001},
volume = {95},
number = {1},
pages = {33--48}
}


@article{Lydall2011,
author = {Lydall, Jason and Imai, Kosuke and Blair, Graeme},
title = {{Explaining Support for Combatants during Wartime: A Survey Experiment in Afghanistan}},
journal = {World Bank Development Conference on Development Economics},
year = {2011},
note = {\url{https://www.princeton.edu/~gblair/afghan.pdf}},
month = dec
}

@article{Milner2012,
author = {Milner, Helen V and Nielson, Daniel L and Findley, Michael G},
title = {{Which Devil in Development? A Large-N Survey and Randomized Field Experiment Comparing Bilateral Aid, Multilateral Assistance, and Government Action in Uganda}},
journal = {Paper prepared for APSA 2012 Annual Meeting},
year = {2012},
month = aug
}

@article{Barnett2007,
author = {Barnett, Jon and Adger, W Neil},
title = {{Climate Change, Human Security, and Violent Conflict}},
journal = {Political Geography},
year = {2007},
volume = {26},
pages = {639--655}
}



@misc{Haldane2012,
title = {{The Dog and the Frisbee}},
author = {Haldane, Andrew G},
howpublished = {Bank of England},
month = Aug,
note = {\url{https://www.bankofengland.co.uk/publications/Documents/speeches/2012/speech596.pdf}},
year = {2012}
}

@article{Weeks2008,
author = {Weeks, Jessica L},
title = {{Autocratic Audience Costs: Regime Type and Signaling Resolve}},
journal = {International Organization},
year = {2008},
volume = {62},
number = {1},
pages = {35--64}
}

@article{Weeks2012,
author = {Weeks, Jessica L},
title = {{Strongmen and Straw Men: Authoritarian Regimes and the Initiation of International Conflict}},
journal = {American Political Science Review},
year = {2012},
volume = {106},
number = {2},
pages = {326--347}
}

@article{Gandrud2013,
author = {Christopher Gandrud},
title = {Competing Risks Analysis and the Mechanisms of Deposit Insurance Governance Diffusion},
year = {forthcoming},
journal = {International Political Science Review}
}

@BOOK{Flingstien2001,
author = {Neil Fligstein},
title = {The Architecture of Markets: An Economic Sociology of Twenty-FirstCentury Capitalist Societies},
year = {2001},
publisher = {Princeton University Press},
address = {Princeton}
}

@article{Aarts2008,
author = {Aarts, Kees and Thomassen, Jacques},
title = {{Satisfaction with Democracy: Do Institutions Matter?}},
journal = {Electoral Studies},
year = {2008},
volume = {27},
number = {1},
pages = {5--18}
}

@INCOLLECTION{vCih'ak2007,
  chapter = {Experience with Integrated Supervisors: Governance and Quality of
  Supervision},
  pages = {309-341},
  booktitle = {Designing Financial Supervision Institutions: Independence Accountability
  and Governance},
  publisher = {Edward Elgar},
  year = {2007},
  editor = {Donato Masciandaro and Marc Quintyn},
  author = {Martin \v{C}ih\'{a}k and Richard Podpiera},
  owner = {christophergandrud},
  timestamp = {2011.01.18}
}

@ARTICLE{Abayomi2008,
  author = {Kobi Abayomi and Andrew Gelman and Marc Levy},
  title = {Diagnostics for Multivariate Imputations},
  journal = {Applied Statistics},
  year = {2008},
  volume = {57},
  pages = {273-291},
  number = {3},
  owner = {christophergandrud},
  timestamp = {2010.07.23}
}

@INCOLLECTION{Abdelal2009,
  chapter = {Constructivism as an Approach to International Political Economy},
  pages = {62-75},
  booktitle = {Routledge Handbook of International Political Economy (IPE)},
  publisher = {Routledge},
  year = {2009},
  editor = {Mark Blyth},
  author = {Rawi Abdelal},
  address = {London}
}

@INCOLLECTION{Bello2009,
  chapter = {States and Markets, States Versus Markets: The Developmental State Debate as the Distinctive East Asian Contribution to International Political Economy },
  pages = {180--200},
  booktitle = {Routledge Handbook of International Political Economy (IPE)},
  publisher = {Routledge},
  year = {2009},
  editor = {Mark Blyth},
  author = {Walden Bello},
  address = {London}
}

@ELECTRONIC{Abiad2008,
  author = {Abdul Abiad and Enrica Detragiache and Thierry Tressel},
  month = {December},
  year = {2008},
  title = {A New Database of Financial Reforms},
  language = {English},
  howpublished = {pdf, Excel, and Stata},
  organization = {International Monetary Fund},
  address = {Washington, DC},
  url = {https://www.imf.org/external/pubs/cat/longres.cfm?sk=22485.0},
  owner = {c.gandrud},
  timestamp = {2010.02.23}
}

@ARTICLE{Abonyi2005,
  author = {George Abonyi},
  title = {Policy Reform in Indonesia and the Asian Development Bank's Financial
  Sector Governance Reforms Program Loan},
  journal = {Asian Development Bank ERD Working Paper},
  year = {2005},
  number = {76},
  address = {Manila},
  institution = {Asian Development Bank},
  owner = {christophergandrud},
  timestamp = {2011.05.14}
}

@article{Acemoglu2000,
author = {Acemoglu, Daron and Robinson, James A.},
title = {{Political Losers as a Barrier to Economic Development}},
journal = {The American Economic Review},
year = {2000},
volume = {90},
number = {2},
pages = {126--130}
}

@TECHREPORT{Acemoglu2002,
author = {Acemoglu, Daron and Johnson, Simon and Robinson, James and Thaicharoen, Yunyong},
title = {{Institutional Causes, Macroeconomic Symptoms: Volatility, Crises and Growth}},
institution = {NBER},
type = {Working Paper},
number = {9124},
note = {\url{https://www.nber.org/papers/w9124}},
year = {2002},
month = sept
}

@article{Acemoglu2002reversal,
  title={Reversal of Fortune: Geography and Institutions in the Making of the Modern World Income Distribution},
  author={Acemoglu, Daron and Johnson, Simon and Robinson, James},
  journal={The Quarterly Journal of Economics},
  volume={117},
  number={4},
  pages={1231--1294},
  year={2002}
}

@article{Acemoglu2005,
author = {Acemoglu, Daron and Johnson, Simon and Robinson, James},
title = {{The Rise of Europe: Atlantic Trade, Institutional Change, and Economic Growth}},
journal = {The American Economic Review},
year = {2005},
volume = {95},
number = {3},
pages = {546--579},
month = jun
}

@ARTICLE{Achen2002,
  author = {Christopher H. Achen},
  title = {Toward a New Political Methodology: Microfoundations and ART},
  journal = {Annual Review of Political Science},
  year = {2002},
  volume = {5},
  pages = {423-450},
  owner = {christophergandrud},
  timestamp = {2010.09.25}
}

@article{Acharya2003,
author = {Acharya, Amitav},
title = {{Will Asia's Past Be Its Future?}},
journal = {International Security},
year = {2003},
volume = {28},
number = {3},
pages = {149--164}
}

@article{Adsera2003,
author = {Adser{\`a}, Al{\'\i}cia and Boix, Carles and Payne, Mark},
title = {{Are You Being Served? Political Accountability and Quality of Government}},
journal = {The Journal of Law, Economcis, {\&} Organization},
year = {2003},
volume = {19},
number = {2},
pages = {445--490}
}

@article{Aleman2011,
author = {Alem{\'a}n, Jos{\'e} and Yang, David D},
title = {{A Duration Analysis of Democratic Transitions and Authoritarian Backslides}},
journal = {Comparative Political Studies},
year = {2011},
volume = {44},
number = {9},
pages = {1123--1151}
}

@ARTICLE{Alesina1989,
  author = {A. Alesina},
  title = {Politics and Business Cycles in Industrial Democracies},
  journal = {Economic Politicy},
  year = {1989},
  volume = {4},
  pages = {57-98},
  month = {April},
  owner = {Gandrud},
  timestamp = {2009.11.02}
}

@ARTICLE{Alesina1991,
  author = {Alberto Alesina and Allen Drazen},
  title = {Why are Stabilizations Delayed?},
  journal = {The American Economic Review},
  year = {1991},
  volume = {81},
  pages = {1170-1188},
  number = {5}
}

@ARTICLE{Alesina1993,
  author = {Alberto Alesina and Lawrence Summers},
  title = {Central Bank Independence and Macroeconomic Performance: Some Comparative
  Evidence},
  journal = {Journal of Money, Credit, and Banking},
  year = {1993},
  volume = {25},
  pages = {151-162},
  number = {2}
}

@article{Alesina2003,
author = {Alesina, Alberto and Devleeschauwer, Arnaud and Easterly, William and Kurlat, Sergio and Wacziarg, Romain},
title = {{Fractionalization}},
journal = {Journal of Economic Growth},
year = {2003},
volume = {8},
pages = {155--194}
}

@ARTICLE{Alexandrova2009,
  author = {Anna Alexandrova},
  title = {When Analytic Narratives Explain},
  journal = {Journal of the Philosophy of History},
  year = {2009},
  volume = {3},
  pages = {1-24},
  number = {1}
}

@BOOK{Almond1963,
    title = {Civic Culture},
    author = {Gabriel Almond and Sydney Verba},
    year = {1963},
    publisher = {Princeton University Press},
    address = {Princeton}
}

@ARTICLE{Alt2006,
  author = {James E. Alt and David Dreyer Lassen},
  title = {Transparency, Political Polarization, and Political Budget Cycles
  in the OECD Countries},
  journal = {American Journal of Political Science},
  year = {2006},
  volume = {50},
  pages = {530-550},
  number = {3},
  owner = {christophergandrud},
  timestamp = {2011.05.16}
}

@MISC{Alt2005,
  author = {James E. Alt and Davide Dreyer Lassen and Shanna Rose},
  title = {The Causes of Transparency: Evidence from the American States},
  howpublished = {Manuscript},
  month = {March},
  year = {2006}
}

@article{Alvarez1996,
author = {Alvarez, Mike and Cheibub, Jos{\'e} Antonio and Limongi, Fernando and Przeworski, Adam},
title = {{Classifying Political Regimes}},
journal = {Studies in Comparative International Development},
year = {1996},
volume = {31},
number = {2},
pages = {3--36}
}

@BOOK{Anderson1983,
    title = {Imagined Communities},
    author = {Benedict Anderson},
    year = {1983},
    publisher = {Verso},
    address = {London}
}

@article{Anderson1997,
author = {Anderson, Christopher J and Guillory, Christine A},
title = {{Poltical Institutions and Satisfaction with Democracy: A Cross Nationa Analysis of Consensus and Majoritarian Systems}},
journal = {American Political Science Review},
year = {1997},
volume = {91},
number = {1},
pages = {66--81}
}

@article{Anderson2001,
author = {Anderson, Chrisotpher J. and Tverdova, Yuliya V.},
title = {{Winners, Losers, and Attitudes about Government in Contemporary Democracies}},
journal = {International Political Science Review},
year = {2001},
volume = {22},
number = {4},
pages = {321--338}
}

@article{Anderson2002,
author = {Anderson, Per Kragh and Abildstrom, Steen Z and Rosth{\o}j, Susanne},
title = {{Competing Risks as a Multi-state Model}},
journal = {Statistical Methods in Medical Research},
year = {2002},
volume = {11},
pages = {203--215}
}

@BOOK{Anderson2005,
author = {Anderson, Christopher J and Blais, Andr{\'e} and Bowler, Shaun and Donovan, Todd and Listhaug, Ola},
title = {Losers' Consent},
year = {2005},
publisher = {Oxford University Press},
address = {Oxford}
}

@incollection{Anderson2005newOldDem,
author = {Anderson, Christopher J and Blais, Andr{\'e} and Bowler, Shaun and Donovan, Todd and Listhaug, Ola},
title = {{Winning and Losing in Old and New Democracies}},
booktitle = {Losers' Consent},
year = {2005},
publisher = {Oxford University Press},
address = {Oxford}
}

@ARTICLE{Andrews2004,
  author = {Josehine T. Andrews and Gabriella R. Montinola},
  title = {Veto Players and the Rule of Law in Emerging Democracies},
  journal = {Comparative Political Studies},
  year = {2004},
  volume = {37},
  pages = {55-87},
  number = {1},
  owner = {c.gandrud},
  timestamp = {2010.05.09}
}

@UNPUBLISHED{Arnone2006,
  author = {Marco Arnone and Bernard J. Laurens and Jean-Fran\c{c}ois Segalotto},
  title = {Measures of Central Bank Autonomy: Empirical Evidence for OECD, Developing,
  and Emerging Market Economies},
  note = {WP/06/228},
  month = {October},
  year = {2006}
}

@ARTICLE{asch1990,
  author = {D.A. Asch and J.P. Patton and et al.},
  title = {Knowing for the Sake of Knowing},
  journal = {Medical Decision-making},
  year = {1990},
  volume = {10},
  pages = {47-57},
  date-added = {2009-07-08 13:55:13 +0100},
  date-modified = {2009-07-08 13:58:40 +0100}
}

@ARTICLE{Austen-Smith1996,
  author = {David Austen-Smith and John R. Wright},
  title = {Theory and Evidence for Counteractive Lobbying},
  journal = {American Journal of Political Science},
  year = {1996},
  volume = {40},
  pages = {543-564},
  number = {2}
}

@INCOLLECTION{Austen-Smith2006,
  chapter = {Economic Methods in Political Theory},
  pages = {899--914},
  booktitle = {The Oxford Handbook of Political Economy},
  publisher = {Oxford University Press},
  year = {2006},
  author = {David Austin-Smith},
  address = {Oxford},
  editors = {Barry Weingast and Donald Wittman}
}

@TECHREPORT{renzoetal2006,
  author = {Renzo G. Avesani and Kexue Liu and Alin Mirestean and Jean Salvati},
  title = {Review of Impementation of Credit Risk Models of the Financial Sector
  Assesment Program},
  institution = {International Monetary Fund},
  year = {2006},
  type = {Working Paper},
  number = {WP/06/134},
  address = {Washington, DC},
  date-added = {2009-08-28 10:07:14 +0100},
  date-modified = {2009-08-28 10:27:48 +0100}
}

@ARTICLE{Bailey2008,
  author = {Bailey, Andrew and Schonhardt-Bailey, Cheryl},
  title = {Does Deliberation Matter in FOMC Monetary Policymaking? The Volcker
  Revolution of 1979},
  journal = {Political Analysis},
  year = {2008},
  volume = {16},
  pages = {404-427},
  number = {4}
}

@ARTICLE{Bakoyannis2011,
  author = {Giorgos Bakoyannis and Giota Touloumi},
  title = {Practical methods for competing risks data: A review},
  journal = {Statistical Methods in Medical Research},
  year = {2011},
  volume = {0},
  pages = {1--16},
  number = {0},
  month = jan
}

@ARTICLE{Balino1999,
  author = {Tom{\'a}s J.T. Bali{\~n}o and Angel Ubide},
  title = {The Korean Financial Crisis of 1997 - A Strategy of Financial Sector
  Reform},
  journal = {IMF Working Paper},
  year = {1999},
  pages = {1--66}
}

@ELECTRONIC{norwegianfund2010,
  author = {{Bankenes sikringsfond}},
  month = {June},
  year = {2010},
  title = {The Norwegian Banks' Guarantee Fund},
  howpublished = {website},
  organization = {Bankenes sikringsfond},
  address = {Oslo},
  url = {https://www.bankenessikringsfond.no/en/main/home/},
  owner = {christophergandrud},
  timestamp = {2010.06.03}
}

@ELECTRONIC{Basel,
  author = {Basel Committee on Banking Supervision},
  month = {July},
  year = {2009},
  title = {About the Basel Committee},
  url = {https://www.bis.org/bcbs/},
  bdsk-url-1 = {https://www.bis.org/bcbs/},
  date-added = {2009-07-18 16:00:56 +0100},
  date-modified = {2009-08-09 14:07:14 +0100},
  keywords = {Basel Committee},
  lastchecked = {18}
}

@BOOK{Banks1991,
  title = {Signaling Games in Political Science},
  publisher = {Routledge},
  year = {1991},
  author = {Jeffrey S. Banks},
  address = {Oxford}
}

@article{Barkan2008,
author = {Barkan, Joel D},
title = {{Legislatures on the Rise?}},
journal = {Journal of Democracy},
year = {2008},
volume = {19},
number = {2},
pages = {124--137}
}

@ARTICLE{barroandgordon1983,
  author = {R. Barro and D. Gordon},
  title = {Rules, Discretion and Reputation in a Model of Monetary Policy},
  journal = {Journal of Monetary Economics},
  year = {1983},
  volume = {12},
  pages = {101-121},
  date-added = {2009-10-27 17:10:03 +0000},
  date-modified = {2009-10-27 17:11:15 +0000}
}

@TECHREPORT{Barth1989,
  author = {James Barth and Philip Bartholomew and Carol Labich},
  title = {Moral Hazard and the Thrift Crisis: An Analysis of 1988 Resolutions},
  institution = {Office of Policy and Economic Research, Federal Home Loan Bank Board},
  year = {1989},
  type = {Research Note},
  number = {160},
  address = {Washington, DC},
  owner = {christophergandrud},
  timestamp = {2010.06.03}
}

@ARTICLE{Barth2002,
  author = {J.R. Barth and L.G. Dopico and D.E. Nolle and J.A. Wilcox},
  title = {An International Comparison and Assessment of the Structure of Bank
  Supervision},
  journal = {Corporate Finance Review},
  year = {2002},
  volume = {6},
  pages = {9-34},
  number = {6},
  owner = {Gandrud},
  timestamp = {2009.11.04}
}

@ARTICLE{Barth2004,
  author = {James R. Barth and Gerard {Caprio Jr.} and Ross Levine},
  title = {Bank Regulation and Supervision: What Works Best?},
  journal = {Journal of Financial Intermediation},
  year = {2004},
  volume = {13},
  pages = {205-248},
  owner = {christophergandrud},
  timestamp = {2010.09.21}
}

@BOOK{barthetal2006,
  title = {Rethinking Banking Regulation: Till Angels Govern},
  publisher = {Cambridge University Press},
  year = {2006},
  author = {James R. Barth and Gerard {Caprio Jr.} and Ross Eric Levine},
  address = {Cambridge},
  date-added = {2009-08-28 10:29:41 +0100},
  date-modified = {2009-08-28 10:31:14 +0100}
}

@book{banerjee2011,
  title={Poor Economics},
  author={Banerjee, A.V. and Duflo, E.},
  year={2011},
  address = {New York},
  publisher={Perseus Books Group}
}

@ELECTRONIC{BaselCommittee2010,
  author = {{Basel Committee}},
  month = {September},
  year = {2010},
  title = {Group of Governors and Heads of Supervision announces higher global
  minimum capital standards},
  language = {English},
  howpublished = {website},
  organization = {{Basel Committee for Banking Supervision}},
  address = {Basel, Switzerland},
  url = {https://www.bis.org/press/p100912.htm},
  owner = {christophergandrud},
  timestamp = {2010.09.13}
}

@ARTICLE{Bates2000,
  author = {Robert Bates and Avner Greif and Margaret Levi and Jean-Laurent Rosenthal
  and Barry Weingast},
  title = {Analytic Narratives: Revisited},
  journal = {Social Science History},
  year = {2000},
  volume = {24},
  pages = {685--696},
  number = {4}
}

@ARTICLE{Bates2000a,
  author = {Robert Bates and Avner Greif and Margaret Levi and Jean-Laurent Rosenthal
  and Barry Weingast},
  title = {Review: The Analytical Narrative Project},
  journal = {The American Poltical Science Review},
  year = {2000},
  volume = {94},
  pages = {696--702},
  number = {3}
}

@BOOK{Bates1998,
  title = {Analytic Narratives},
  publisher = {Princeton University Press},
  year = {1998},
  author = {Robert Bates and Avner Greif and Margaret Levi and Jean-Laurent Rosenthal
  and Barry Weingast},
  address = {Princeton},
  owner = {christophergandrud},
  timestamp = {2011.05.23}
}

@ARTICLE{Bauer2002,
  author = {Martin W. Bauer},
  title = {Arenas, Platforms, and the Biotechnology Movement},
  journal = {Science Communication},
  year = {2002},
  volume = {24},
  pages = {144-161},
  number = {2}
}

@ARTICLE{Baumgartner2009,
  author = {Frank R. Baumgartner and Christian Breunig and Christoffer {Green-Pedersen}
  and Bryan D. Jones and Peter B. Mortensen and Michiel Nuytemans and
  Stefaan Walgrave},
  title = {Punctuated Equilibrium in Comparative Perspective},
  journal = {American Journal of Political Science},
  year = {2009},
  volume = {53},
  pages = {603-620},
  number = {3},
  owner = {christophergandrud},
  timestamp = {2010.09.15}
}

@ARTICLE{baxter2000,
  author = {Jonathan Baxter},
  title = {A Model of Inductive Bias Learning},
  journal = {Journal of Artificial Intelligence Research},
  year = {2000},
  volume = {12},
  pages = {149-198},
  bdsk-url-1 = {https://www.jair.org/media/731/live-731-1898-jair.pdf},
  date-added = {2009-07-08 10:43:20 +0100},
  date-modified = {2009-07-08 10:44:22 +0100}
}

@BOOKLET{baselcore1997,
  title = {Core Principles for Effective Banking Supervision},
  author = {BCBS},
  howpublished = {electronic},
  address = {Basel, Switzerland},
  month = {September},
  year = {1997},
  date-added = {2009-10-20 17:09:32 +0100},
  date-modified = {2009-10-20 17:45:42 +0100}
}

@article{Battaglini2004,
author = {Battaglini, Marco},
title = {{Policy Advice with Imperfectly Informed Experts}},
journal = {Advances in Theoretical Economics},
year = {2004},
volume = {4},
number = {1}
}

@BOOK{Baylis2011,
    title = {The Globalization of World Politics: An Introduction to International Relations},
    editor = {John Baylis and Steve Smith and Patricia Owens},
    year = {2011},
    publisher = {Oxford University Press},
    address = {Oxford},
    edition = {5th}
}

@article{Beardsley2008,
author = {Beardsley, Kyle},
title = {{Agreement Without Peace?: International Mediation and Time Inconsitency Problems}},
journal = {American Journal of Political Science},
year = {2008},
volume = {52},
number = {4},
pages = {723--740}

}

@INBOOK{Lamy2011,
    author = {Steven L. Lamy},
    chapter = {Contemporary Approaches: Neo-Realism and Neo-liberalism},
    title = {The Globalization of World Politics: An Introduction to International Relations},
    editor = {John Baylis and Steve Smith and Patricia Owens},
    year = {2011},
    publisher = {Oxford University Press},
    address = {Oxford},
    edition = {5th}
}

@ARTICLE{bechara2004,
  author = {Antoine Bechara},
  title = {The role of emotion in decision-making: Evidence from neurological
  patients with orbitofrontal damage},
  journal = {Brain and Cognition},
  year = {2004},
  volume = {55},
  pages = {30-40},
  date-added = {2009-07-09 10:50:21 +0100},
  date-modified = {2009-07-09 10:51:32 +0100}
}

@ARTICLE{becharadamasio2005,
  author = {Antoine Bechara and Antonio R. Damasio},
  title = {The Somatic Marker Hypothesis: A neural thory of economic decision},
  journal = {Games and Economic Behavior},
  year = {2005},
  volume = {52},
  pages = {336-372},
  date-added = {2009-07-05 09:21:07 +0100},
  date-modified = {2009-07-05 09:22:45 +0100}
}

@ARTICLE{Beck1983,
  author = {J. Robert Beck and Stephen G. Pauker},
  title = {The Markov Process in Medical Prognosis},
  journal = {Medical Decision-making},
  year = {1983},
  volume = {3},
  pages = {419-434},
  number = {4},
  owner = {christophergandrud},
  timestamp = {2010.06.23}
}

@INPROCEEDINGS{Becketal2002,
  author = {Nathaniel Beck and David Epstein and Simon Jackman and Sharyn O'Halloran},
  title = {Alternative Models of Dynamics in Binary Time-Series-Cross-Section
  Models: The Example of State Failure},
  booktitle = {Annual Meeting of the Political Methodology Group, Emory University},
  year = {2002}
}

@ARTICLE{DPI2001,
    title = {New Tools in Comparative Political Economy: The Database of Political Institutions},
    author = {Thorsten Beck and George Clarke and Alberto Groff and Philip Keefer and and Patrick Walsh},
    year = {2001},
    journal = {World Bank Economic Review},
    issue = {15},
    number = {1}
}

@TECHREPORT{Beck2009,
  author = {Thortsen Beck and Asli {Demirg\"u\c{c}-Kunt}},
  title = {Financial Institutions and Markets Across Countries and Over Time:
  Data and Analysis},
  institution = {World Bank},
  year = {2009},
  type = {World Bank Policy Research Working Paper},
  number = {4943},
  month = {May},
  owner = {christophergandrud},
  timestamp = {2010.11.09}
}

@INCOLLECTION{Bennett2008,
  chapter = {Process Tracing: A Bayesian Perspective},
  pages = {702-721},
  booktitle = {The Oxford Handbook of Political Methodology},
  publisher = {Oxford University Press},
  year = {2008},
  editor = {Janet M. Box-Steffensmeier and Henry E. Brady and David Collier},
  author = {Andrew Bennett},
  owner = {christophergandrud},
  timestamp = {2011.02.21}
}

@BOOK{berman1998,
  title = {The Social Democratic Moment: Ideas and Politics in the Making of
  Inter-war Europe},
  publisher = {Harvard University Press},
  year = {1998},
  author = {Berman, Sheri},
  address = {Cambridge, MA}
}

@article{Bernauer2011,
author = {Bernauer, Julian and Vatter, Adrian},
title = {{Can't get no satisfaction with the Westminster model? Winners, losers and the effects of consensual and direct democratic institutions on satisfaction with democracy}},
journal = {European Journal of Political Research},
year = {2011}
}

@ARTICLE{bernhard1998,
  author = {William Bernhard},
  title = {A Political Explanation of Variations in Central Bank Independence},
  journal = {The American Political Science Review},
  year = {1998},
  volume = {92},
  pages = {311-327},
  number = {2},
  date-added = {2009-10-27 17:15:09 +0000},
  date-modified = {2009-10-27 17:17:09 +0000}
}

@ARTICLE{bernhardandleblang1999,
  author = {William Bernhard and David Leblang},
  title = {Democratic Institutions and Exchange-Rate Commitments},
  journal = {International Organization},
  year = {1999},
  volume = {53},
  pages = {71-97},
  number = {1},
  date-added = {2009-10-27 18:28:59 +0000},
  date-modified = {2009-10-27 18:29:52 +0000}
}

@article{Bernhard2002,
author = {Bernhard, William and Broz, J. Lawrence and William, Clark},
title = {{The Political Economy of Monetary Institutions}},
journal = {International Organization},
year = {2002},
volume = {56},
number = {4},
pages = {693--723},
month = oct
}

@BOOK{Besley2007,
    title = {Principled Agents: The Political Economy of Good Government},
    author = {Timothy Besley},
    publisher = {Oxford University  Press},
    address = {Oxford},
    year = {2007}
}

@ARTICLE{bettencourt2006,
  author = {Bettencourt, Lu\'{\i}s M.A. and Cintr\'on-Arias, Ariel and Kaiser,
  David I. and Castillo-Ch\'{a}vez, Carlos},
  title = {The Power of a Good Idea: Quantitative Modeling of the Spread of
  Ideas from Epidemiological Models},
  journal = {Physica A},
  year = {2006},
  volume = {364},
  pages = {513-536}
}

@ARTICLE{Beyersmann2008,
  author = {Jan Beyersmann and Martin Schumacher},
  title = {Time-dependent Covariates in the Proportional Subdistribution Hazards
  Model for Competing Risks},
  journal = {Biostatistics},
  year = {2008},
  volume = {9},
  pages = {765--776},
  number = {4},
  month = feb
}

@BOOK{Blackmore1999,
  title = {The Meme Machine},
  publisher = {Oxford University Press},
  year = {1999},
  author = {Susan J. Blackmore},
  address = {Oxford},
  owner = {christophergandrud},
  timestamp = {2010.09.23}
}

@article{Blais2007,
author = {Blais, Andr{\'e} and G{\'e}lineau, Fran{\c c}ois},
title = {{Winning, Losing and Satisfaction with Democracy}},
journal = {Political Studies},
year = {2007},
volume = {55},
pages = {425--441}
}

@ARTICLE{Bloom2009,
  author = {Nicholas Bloom},
  title = {The Impact of Uncertainty Shocks},
  journal = {Econometrica},
  year = {2009},
  volume = {77},
  pages = {623--685},
  number = {3}
}

@ELECTRONIC{BLOOMBERG2011,
  author = {Bloomberg},
  year = {2011},
  title = {Graphic of Bloomberg Mortgage Delinquency Rate Subprime 30+ Days},
  language = {English},
  howpublished = {Website},
  organization = {Bloomberg},
  address = {New York},
  note = {Date Accessed: 18/10/2011},
  url = {\url{https://www.bloomberg.com/apps/quote?ticker=BBMDSDLQ:IND\#chart}}
}

@MISC{blossfeld1994,
  author = {Blossfeld, H.-P.},
  title = {Causal Modeling in Event History Analysis},
  howpublished = {Paper prepared for the XIII World Congress of Sociology, Bielefeld},
  year = {1994},
  date-modified = {2009-07-07 09:25:18 +0100},
  publisher = {University of Bremen}
}

@BOOK{blossfeldetal2007,
  title = {Event History Analysis with Stata},
  publisher = {Lawrence Erlbaum Associates},
  year = {2007},
  author = {Blossfeld, Hans-Peter and Golsch, Katrin and Rohwer, G\"ortz},
  address = {London}
}

@UNPUBLISHED{planetmoney0309,
  author = {Alex Blumberg and David Kestenbaum},
  title = {Planet Money Interview with Congressman John Campbell, 20/03/09},
  note = {Transcribed by Christopher Gandrud},
  month = {March},
  year = {2009},
  date-added = {2009-07-04 11:44:54 +0100},
  date-modified = {2009-07-04 11:46:04 +0100}
}

@BOOK{Blustein2003,
  title = {The Chastening: Inside the Crisis that Rocked the Global Financial
  System and Humbled the IMF},
  publisher = {Public Affairs},
  year = {2003},
  author = {Paul Blustein},
  address = {New York},
  edition = {Kindle}
}

@ARTICLE{blyth2006,
  author = {Blyth, Mark},
  title = {Great Punctuations: Predictions, Randomness, and the Evolution of
  Department Political Science},
  journal = {American Political Science Review},
  year = {2006},
  volume = {100},
  pages = {493-498},
  number = {4}
}

@BOOK{blyth2002,
  title = {Great Transformations: Economic Ideas and Institutional Change in
  the Twentieth Century},
  publisher = {Cambridge University Press},
  year = {2002},
  author = {Blyth, Mark},
  address = {Cambridge}
}

@ARTICLE{blyth1997,
  author = {Blyth, Mark},
  title = {`Any More Bright Ideas?' The Ideational Turn in Political Science},
  journal = {Comparative Politics},
  year = {1997},
  volume = {29},
  pages = {229-250},
  number = {1}
}

@ARTICLE{blyth2003,
  author = {Blyth, Mark M.},
  title = {Structures do not Come with an Instruction Sheet: Interests, Ideas,
  and Progress in Political Science},
  journal = {Perspectives on Politics},
  year = {2003},
  volume = {1},
  pages = {695-703},
  number = {4}
}

@article{Boehmke2009,
author = {Boehmke, Frederick J},
title = {Policy Emulation or Policy Convergence? Potential Ambiguities in the Dyadic Event History Approach to State Policy Emulation},
journal = {The Journal of Politics},
year = {2009},
volume = {71},
number = {3},
pages = {1125--1140},
month = jul
}

@CONFERENCE{boehmkemeissner2008,
  author = {Fredrick J. Boehmke and ChristopherM. Meissner},
  title = {Modeling Sample Selection for Durations with Time-Varying Covariates,
  with an Application to the Duration of Exchange Rate Regimes},
  year = {2008},
  organization = {Society for Political Methodology's Summer Conference}
}

@ELECTRONIC{Bogdanich2010,
  author = {Walt Bogdanich},
  month = {Jul},
  year = {2010},
  title = {After Stroke Scans, Patients Face Serious Health Risks},
  day = {31}
}

@TECHREPORT{Bordo1999,
author = {Bordo, Michael D. and Eichengreen, Barry and Irwin, Douglas A.},
title = {{Is Globalization Today Really Different than Globalization a Hundred Years Ago?}},
type = {Working Paper},
institution = {NBER},
number = {7195},
note = {\url{https://www.nber.org/papers/w7195}},
year = {1999},
month = jun
}

@MISC{Borio1994,
  author = {Claudio E.V. Borio and Renato Filosa},
  title = {The Changing Borders of Banking: Trends and Implications},
  howpublished = {BIS Economic Paper},
  month = {December},
  year = {1994},
  owner = {christophergandrud},
  timestamp = {2010.09.22}
}

@TECHREPORT{Boughton2004,
author = {Boughton, James M.},
title = {{The IMF and the Force of History: Ten Events and Ten Ideas that Have Shaped the Institution}},
type = {Working Paper},
institution = {IMF},
number = {WP/04/75},
url = {https://www.imf.org/external/pubs/ft/wp/2004/wp0475.pdf},
year = {2004},
month = may
}

@ARTICLE{BoxSteffensmeier2006,
  author = {Box-Steffensmeier, Janet M and De Boef, Suzanna},
  title = {Repeated events survival models: the conditional frailty model},
  journal = {Statistics in Medicine},
  year = {2006},
  volume = {25},
  pages = {3518--3533},
  number = {20}
}

@BOOK{boxsteffensmeier2004,
  title = {Event History Modeling: A Guide for Social Scientists},
  publisher = {Cambridge University Press},
  year = {2004},
  author = {Janet M. Box-Steffensmeier and Bradford S. Jones},
  address = {Cambridge}
}

@ARTICLE{BoxSteffensmeier1997,
  author = {Janet M. Box-Steffensmeier and Bradford S. Jones},
  title = {{Time is of the Essence: Event History Models in Political Science}},
  journal = {American Journal of Political Science},
  year = {1997},
  volume = {41},
  pages = {1414--1461},
  number = {4},
  month = oct
}

@ARTICLE{BoxSteffensmeier2001,
  author = {Box-Steffensmeier, Janet M and Zorn, Christopher J.},
  title = {Duration Models and Proportional Hazards in Political Science},
  journal = {American Journal of Political Science},
  year = {2001},
  volume = {45},
  pages = {972-988},
  number = {4}
  }

@article{Brambor2006,
author = {Brambor, Thomas and Clark, William Roberts and Golder, Matt},
title = {{Understanding Interaction Models: Improving Empirical Analyses}},
journal = {Political Analysis},
year = {2006},
volume = {14},
number = {1},
pages = {63--82}
}

@article{Brealey1999,
author = {Brealey, Richard},
title = {{The Asian Crisis: Lessons for Crisis Management and Prevention}},
journal = {Journal of Applied Corporate Finance},
year = {1999},
volume = {12},
number = {3},
pages = {111--124},
month = sep
}

@article{Brender2009,
author = {Brender, Anton and Pisani, Florence},
title = {{Globalised Finance and Its Collapse}},
journal = {Dexia},
year = {2009}
}

@article{Breslin2008,
author = {Breslin, Shaun and Taylor, Ian},
title = {{Explaining the Rise of `Human Rights' in Analyses of Sino-African Relations}},
journal = {Review of African Political Economy},
year = {2008},
volume = {35},
number = {115},
pages = {59--71}
}

@ARTICLE{Brooks2007,
  author = {Sarah M. Brooks},
  title = {When Does Diffusion Matter? Explaining the Spread of Structural Pension
  Reforms Across Nations},
  journal = {Journal of Politics},
  year = {2007},
  volume = {69},
  pages = {701-715},
  number = {3},
  month = jul
}

@ARTICLE{brooks2005,
  author = {Sarah M. Brooks},
  title = {Interdependent and Domestic Foundations of Policy Change: The Diffusion
  of Pension Privatization Around the World},
  journal = {International Studies Quarterly},
  year = {2005},
  volume = {49},
  pages = {273-294}
}

@article{Broz2001,
author = {Broz, J. Lawrence and Frieden, Jeffry},
title = {{The Political Economy of International Monetary Relations}},
journal = {Annual Review of Political Science},
year = {2001},
volume = {4},
pages = {317--343}
}

@BOOK{Burnett2012,
    title = {The Sounding of the Whale: Science and Cetaceans in the Twentieth Century},
    author = {D. Graham Burnett},
    publisher = {The University of Chicago Press},
    year = {2012},
    address = {Chicago}
}

@ARTICLE{Burt1987,
  author = {Ronald S. Burt},
  title = {Social Contagion and Innovation: Cohesion Verses Structural Equivalence},
  journal = {American Journal of Sociology},
  year = {1987},
  volume = {92},
  pages = {1287 - 1335},
  number = {6},
  owner = {christophergandrud},
  timestamp = {2010.10.20}
}

@article{Call2008,
author = {Call, Charles T and Cousens, Elizabeth M},
title = {{Ending Wars and Building Peace: International Responses to War-Torn Societies}},
journal = {International Studies Perspectives},
year = {2008},
volume = {9},
pages = {1--21}
}

@article{Callander2011,
author = {Callander, Stevem},
title = {Searching for Good Policies},
journal = {American Political Science Review},
year = {2011},
volume = {105},
number = {04},
pages = {643--662},
month = nov
}

@ARTICLE{Calomiris1990,
  author = {Charles Calomiris},
  title = {Is Deposit Insurance Necessary? A Historical Perspective},
  journal = {The Journal of Economic History},
  year = {1990},
  volume = {50},
  pages = {283--295},
  number = {2},
  month = jun
}

@TECHREPORT{Calomiris2004,
  author = {Charles W. Calomiris and Daniela Klingebiel and Luc Laeven},
  title = {A Taxonomy of Financial Crisis Resolution Mechanisms: Cross-Country
  Experience},
  institution = {World Bank},
  year = {2004},
  type = {World Bank Policy Research Working Paper},
  number = {3379},
  owner = {christophergandrud},
  timestamp = {2011.05.14}
}

@ARTICLE{Calvert1985,
  author = {Randall Calvert},
  title = {The Value of Biased Information: A Rational Choice Model of Political
  Advice},
  journal = {Journal of Politics},
  year = {1985},
  volume = {47},
  pages = {530-555},
  number = {02}
}

@article{Carment2004,
author = {Carment, David and Rowlands, Dane},
title = {{Vengeance and Intervention: Can Third Parties Bring Peace Without Separation?}},
journal = {Security Studies},
year = {2004},
volume = {13},
number = {4},
pages = {366--393}
}

@BOOK{Carswell2011,
author = {S. Carswell},
title = {Anglo Republic, Inside the Bank that Broke Ireland},
year = {2011},
publisher = {Penguin},
address = {London}
}

@article{DelCastillo2001,
author = {Del Castillo, Graciana},
title = {{Post-Conflict Reconstruction and the Challenge to International Organizations: The Case of El Salvador}},
journal = {World Development},
year = {2001},
volume = {29},
number = {12},
pages = {1967--1985}
}

@ELECTRONIC{CBoI2011,
  author = {{Central Bank of Ireland}},
  year = {2011},
  title = {Business Credit Deposits},
  note = {Date Accessed: 22/10/2011},
  url = {\url{https://www.centralbank.ie/polstats/stats/cmab/Pages/BusinessCredit.aspx}}
}

@article{Chandra2005,
author = {Chandra, Kanchan},
title = {{Ethnic Parties and Democratic Stability}},
journal = {Perspectives on Politics},
year = {2005},
volume = {3},
number = {02}
}

@ARTICLE{Chang2000a,
  author = {Chun Chang},
  title = {The Informational Requirement on Financial Systems at Different Stages
  of Economic Development: The Case of South Korea},
  journal = {The Wold Bank},
  year = {2000},
  month = jan
}

@ARTICLE{Chang2000,
  author = {Ha-Joon Chang},
  title = {The Hazard of Moral Hazard: Untangling the Asian Crisis},
  journal = {World Development},
  year = {2000},
  volume = {28},
  pages = {775--788},
  number = {4}
}

@ARTICLE{Chang1998,
  author = {Ha-Joon Chang},
  title = {Korea: The Misunderstood Crisis},
  journal = {World Development},
  year = {1998},
  volume = {26},
  pages = {1555-1561},
  number = {8}
}

@article{Chang2003,
author = {Chang, Ha-Joon},
title = {{Kicking Away the Ladder: Infant Industry Promotion in Historical Perspective 1}},
journal = {Oxford Development Studies},
year = {2003},
volume = {31},
number = {1},
pages = {21--32}
}

@ARTICLE{Chang2007,
  author = {Jinho Chang and Young Jun Cho and Hyun-Han Shin},
  title = {The Change in Corporate Transparency of Korean Firms After the Asian
  Financial Crisis: an analysis using analysts' forecast data},
  journal = {Corporate Governance},
  year = {2007},
  volume = {15},
  pages = {1144-1167},
  number = {6}
}

@ARTICLE{Checkel1999,
  author = {Checkel, Jeffrey T.},
  title = {Social Construction and Integration},
  journal = {Journal of European Public Policy},
  year = {1999},
  volume = {6},
  pages = {545-560},
  number = {4}
}

@article{Chen2011,
author = {Chen, Ching-Chang},
title = {{The Absence of Non-Western IR Theory in Asia Reconsidered}},
journal = {International Relations of the Asia-Pacific},
year = {2011},
volume = {11},
pages = {1--23}
}

@ARTICLE{Cho1987,
  author = {In-Koo Cho and David M Kreps},
  title = {Signaling Games and Stable Equilibria},
  journal = {The Quarterly Journal of Economics},
  year = {1987},
  volume = {102},
  pages = {179},
  number = {2},
  month = may
}

@ARTICLE{Choi2002,
  author = {Jin-Wook Choi},
  title = {Regulatory Forbearance and Financial Crisis in South Korea},
  journal = {Asian Survey},
  year = {2002},
  volume = {42},
  pages = {251-275},
  number = {2}
}

@ARTICLE{Choi2005,
  author = {Sungho Choi and Iftekhar Hasan},
  title = {Ownership, Governance, and Bank Performance: Korean Experience},
  journal = {Financial Markets, Institutions \& Instruments},
  year = {2005},
  volume = {14},
  pages = {215-242},
  number = {4},
  owner = {christophergandrud},
  timestamp = {2011.02.19}
}

@ARTICLE{Chu1989,
  author = {Yun-han Chu},
  title = {State Structure and Economic Adjustment of the East Asian Newly Industrializing
  Countries},
  journal = {International Organization},
  year = {1989},
  volume = {43},
  pages = {647--672},
  number = {4}
}

@article{Chung1991,
author = {Chung, Ching-Fan and Schmidt, Peter and Witte, Ann D},
title = {{Survival Analysis: A Survey}},
journal = {Journal of Quantitative Criminology},
year = {1991},
volume = {7},
number = {1},
pages = {59--98},
month = jul
}

@BOOK{chung2004,
  title = {The Korean Economy Beyond the Crisis},
  publisher = {Edward Elgar Publishing},
  year = {2004},
  address = {Cheltenham, UK},
  editor = {Chung, Duck-koo and Eichengreen, Barry}
}

@ARTICLE{Chwieroth2007,
  author = {Jeffrey Chwieroth},
  title = {Neoliberal Economists and Capital Account Liberalization in Emerging
  Markets},
  journal = {International Organization},
  year = {2007},
  volume = {61},
  pages = {443-463},
  owner = {c.gandrud},
  timestamp = {2010.05.09}
}

@BOOK{Chwieroth2010,
  title = {Capital Ideas: The IMF and the Rise of Financial Liberalization},
  publisher = {Princeton University Press},
  year = {2010},
  author = {Jeffrey Chwieroth},
  address = {Princeton},
  owner = {christophergandrud},
  timestamp = {2010.10.04}
}

@book{clark2003,
  title={Capitalism, Not Globalism: Capital Mobility, Central Bank Independence, and the Political Control of the Economy},
  author={Clark, William},
  isbn={9780472112937},
  lccn={2003044773},
  series={Michigan Studies in International Political Economy},
  url={https://books.google.co.uk/books?id=4IAuyaJobqEC},
  year={2003},
  publisher={University of Michigan Press},
  address = {Ann Arbor, MI}
}

@BOOK{Clark2010,
    title = {Principles of Comparative Politics},
    author = {William Clark and Matt Golder and Sona Golder},
    year = {2010},
    publisher = {CQ Press},
    address = {Washington, DC}
}

@ARTICLE{Clauset2009,
  author = {Aaron Clauset and Cosma Rohilla Shalizi and M. E. J. Newman},
  title = {Power-Law Distributions in Empiracal Data},
  journal = {SIAM review},
  year = {2009},
  volume = {51},
  pages = {661-703},
  number = {4},
  owner = {christophergandrud},
  timestamp = {2010.09.16}
}

@BOOK{Cleves2010,
  title = {An Introduction to Survival Analysis Using Stata},
  publisher = {Stata Press},
  year = {2010},
  author = {Mario Cleves and William Gould and Roberto G. Gutierrez and Yulia
  Marchenko},
  edition = {3},
  owner = {christophergandrud},
  timestamp = {2011.02.09}
}

@BOOK{clevesetal2004,
  title = {An Introduction to Survival Analysis Using Stata},
  publisher = {Stata Press},
  year = {2004},
  author = {Mario Cleves and William W. Gould and Roberto G. Guitierrez and Yulia
  Marchenko},
  address = {College Station, TX},
  edition = {1st},
  date-added = {2009-10-20 17:31:30 +0100},
  date-modified = {2009-10-20 17:34:00 +0100}
}

@ARTICLE{Cobb1997,
    title = {Changing Minds: Political Arguments and Political Persuasion},
    author = {Michael D. Cobb and James H. Kuklinski},
    year = {1997},
    journal = {American Journal of Political Science},
    volume = {41},
    number = {1},
    pages = {88-121}
}

@ARTICLE{Collier1993,
  author = {Collier, David and Mahon, James E.},
  title = {Conceptual "Stretching" Revisited: Adapting Categories in Comparative
  Analysis},
  journal = {American Political Science Review},
  year = {1993},
  volume = {87},
  pages = {945-855},
  number = {4}
}

@article{Collier2004,
author = {Collier, Paul and Hoeffler, Anke},
title = {{Aid, Policy and Growth in Post-Conflict Societies}},
journal = {European Economic Review},
year = {2004},
volume = {48},
pages = {1125--1145}
}

@article{Collier2004b,
author = {Collier, Paul and Hoeffler, Anke},
title = {{Greed and Grievance in Civil War}},
journal = {Oxford Economic Papers},
year = {2004},
volume = {56},
pages = {563--595}
}

@article{Collier2008,
author = {Collier, Paul and Hoeffler, Anke and S{\"o}derbom, M{\aa}ns},
title = {{Post-Conflict Risks}},
journal = {Journal of Peace Research},
year = {2008},
volume = {45},
number = {4},
pages = {2008}
}

@MISC{Cook2010,
  author = {Clive Cook},
  title = {We have failed to muffle the banks},
  howpublished = {Financial Times},
  month = {13 September},
  year = {2010},
  owner = {christophergandrud},
  timestamp = {2010.09.21}
}

@ARTICLE{Copelovitch2008,
  author = {Copelovitch, Mark S. and Singer, David Andrew},
  title = {Financial Regulation, Monetary Policy, and Inflation in the Industrialized
  World},
  journal = {Journal of Politics},
  year = {2008},
  volume = {70},
  pages = {663--680},
  number = {03}
}

@TECHREPORT{CounciloftheBalticSeaStates1997,
  author = {{Council of the Baltic Sea States}},
  title = {1997 CBSS 6th Ministerial Session - Riga Communiqu\'{e}},
  institution = {CBSS},
  year = {1997},
  owner = {christophergandrud},
  timestamp = {2011.06.16}
}

@ARTICLE{cox1972,
  author = {D.R. Cox},
  title = {Regression Models and Life Tables},
  journal = {Journal of the Royal Statistical Society Society B},
  year = {1972},
  volume = {34},
  pages = {187-220},
  number = {2},
  date-added = {2009-10-20 17:25:10 +0100},
  date-modified = {2009-10-20 17:26:04 +0100}
}

@INCOLLECTION{camererloewenstien2004,
  chapter = {Behavioral Economics: Past, Present, Future},
  pages = {3-51},
  booktitle = {Advances in Behavioral Economics},
  publisher = {Princeton University Press},
  year = {2004},
  editor = {C.F. Cramerer and G. Loewenstien},
  author = {C.F. Cramerer and G. Loewenstien},
  address = {Princeton},
  date-added = {2009-07-08 09:11:46 +0100},
  date-modified = {2009-07-08 09:13:26 +0100}
}

@article{Costinot2012,
author = {Costinot, Arnaud and Donaldson, Dave},
title = {{Ricardo's Theory of Comparative Advantage: Old Idea, New Evidence}},
journal = {NBER Working Paper Series},
year = {2012},
month = apr
}

@ARTICLE{Crotty2009,
  author = {James Crotty},
  title = {Structural Causes of the Global Financial Crisis: A Critical Assessment
  of the 'new financial architecture'},
  journal = {Cambridge Journal of Economics},
  year = {2009},
  volume = {33},
  pages = {536-580}
}

@ARTICLE{Cukierman2008,
  author = {Alex Cukierman},
  title = {Central Bank Independence and Monetary Policymaking Institutions:
  Past, present, and future},
  journal = {European Journal of Political Economy},
  year = {2008},
  volume = {24},
  pages = {722-736},
  number = {4},
  owner = {christophergandrud},
  timestamp = {2010.07.20}
}

@ARTICLE{Cukierman2002,
  author = {Alex Cukierman and Geoffery P. Miller and Bilin Neyapti},
  title = {Central bank reform, liberalization and inflation in transition economies:
  An international perspective},
  journal = {Journal of Monetary Economics},
  year = {2002},
  volume = {46},
  pages = {237-264}
}

@ARTICLE{Cukierman1992,
  author = {Alex Cukierman and Steven B. Web and Bilin Neyapti},
  title = {Measuring the Independence of Central Banks and Its Effect on Policy
  Outcomes},
  journal = {The World Bank Economic Review},
  year = {1992},
  volume = {6},
  pages = {353-398},
  number = {3}
}

@ARTICLE{Cukierman1995,
  author = {Alex Cukierman and Steven Webb},
  title = {Political Influence on the Central Bank: International Evidence},
  journal = {World Bank Economic Review},
  year = {1995},
  volume = {September},
  pages = {397-423},
  owner = {christophergandrud},
  timestamp = {2010.07.22}
}

@ARTICLE{Cull2005,
  author = {Robert Cull and Lemma Senbet and Marco Sorge},
  title = {Deposit Insurance and Financial Development},
  journal = {Journal of Money},
  year = {2005},
  volume = {37},
  pages = {43--82},
  number = {1}
}

@BOOK{cqresearcher2011,
author = {{CQ Researcher}},
title = {Issues in Peace and Conflict Studies},
year = {2011},
publisher = {Sage Publications},
address = {London}
}


@ARTICLE{DalB'o2006,
  author = {Ernesto {Dal B\'o}},
  title = {Regulatory Capture: A Review},
  journal = {Oxford Review of Economic Policy},
  year = {2006},
  volume = {22},
  pages = {203-225},
  number = {2},
  owner = {christophergandrud},
  timestamp = {2010.09.20}
}

@ARTICLE{Das2004,
  author = {Udaibir Das and Marc Quintyn and Kina Chenard},
  title = {Does Regulatory Governance Matter for Financial System Stability?
  An Empirical Analysis},
  year = {2004},
  month = jun
}

@INBOOK{david2005,
  chapter = {Path dependence in economics processes: implications for policy analysis
  in dynamical systems contexts},
  pages = {151-194},
  title = {The Foundations of Evolutionary Economics},
  publisher = {Cambridge University Press},
  year = {2005},
  editor = {K. Dopfer},
  author = {Paul A. David},
  address = {Cambridge},
  date-added = {2009-07-10 12:04:56 +0100},
  date-modified = {2009-07-10 12:07:04 +0100}
}

@INBOOK{david2007,
  chapter = {Path dependence, its critics and the quest for 'historical economics'},
  pages = {120-139},
  title = {The Evolution of Economic Institutions: a critical reader},
  publisher = {Edward Elgar},
  year = {2007},
  editor = {Geoffrey Martin Hodgson},
  author = {Paul A. David},
  address = {Cheltenham, UK},
  date-added = {2009-07-10 11:33:25 +0100},
  date-modified = {2009-07-10 12:08:07 +0100}
}

@article{Davies2010,
author = {Davies, Howard},
title = {{Global Financial Regulation after the Credit Crisis}},
journal = {Global Policy},
year = {2010},
volume = {1},
number = {2},
pages = {185--190}
}

@BOOK{Dawkins1976,
  title = {The Selfish Gene},
  publisher = {Oxford University Press},
  year = {1976},
  author = {Richard Dawkins},
  address = {Oxford},
  owner = {christophergandrud},
  timestamp = {2010.09.23}
}

@article{Diermeier1995,
author = {Diermeier, Daniel},
title = {{Commitment, Deference, and Legislative Institutions}},
journal = {The American Political Science Review},
year = {1995},
volume = {89},
number = {2},
pages = {344--355}
}

@ARTICLE{Demirguc-Kunt2002,
  author = {Asli Demirg\"u\c{c}-Kunt and Enrica Detragiache},
  title = {Does Deposit Insurance Increase Banking System Stability? An Empirical
  Investigation},
  journal = {Journal of Monetary Economics},
  year = {2002},
  volume = {47},
  pages = {1373-1406},
  number = {7},
  owner = {christophergandrud},
  timestamp = {2010.06.01}
}

@ARTICLE{DemirgucKuntKane2002,
  author = {Asli Demirg\"u\c{c}-Kunt and Edward Kane},
  title = {Deposit Insurance Around the Globe: Where Does it Work?},
  journal = {The Journal of Economic Perspectives},
  year = {2002},
  volume = {16},
  pages = {175-195},
  number = {2}
}

@article{Kane2004,
author = {Kane, Edward J and Klingebiel, Daniela},
title = {{Alternatives to Blanket Guarantees for Containing a Systemic Crisis}},
journal = {Journal of Financial Stability},
year = {2004},
volume = {1},
number = {1},
pages = {31--33}
}

@ARTICLE{Demirguc-Kunt2008,
  author = {Asli Demirg\"u\c{c}-Kunt and Edward J. Kane and Luc Laeven},
  title = {Determinants of deposit-insurance adoption and design},
  journal = {Journal of Financial Intermediation},
  year = {2008},
  volume = {17},
  pages = {407-438},
  owner = {christophergandrud},
  timestamp = {2010.06.01}
}

@ELECTRONIC{Kunt2005,
  author = {Asli Demirg\"u\c{c}-Kunt and Baybars Karacaovali and Luc Laeven},
  month = {June},
  year = {2005},
  title = {Deposit Insurance around the World: A Comprehensive Database},
  language = {English},
  howpublished = {pdf and Excel},
  organization = {World Bank},
  address = {Washington, DC},
  url = {\url{https://go.worldbank.org/KXEZESCGJ0}},
  owner = {c.gandrud},
  timestamp = {2010.02.23}
}

@BOOK{Dahl1971,
    author = {Robert A. Dahl},
    title = {Polyarchy: Participation and Opposition},
    year = {1971},
    publisher = {Yale University Press},
    address = {New Haven}
}

@article{Dalton2005,
author = {Dalton, Russell J and Ong, Nhu-Ngoc T},
title = {{Authority Orientations and Democratic Attitudes: A Test of the `Asian Values' Hypothesis}},
journal = {Japanese Journal of Political Science},
year = {2005},
volume = {6},
number = {2},
pages = {211--231}
}

@article{deHaan2000,
author = {de Haan, Jakob and Kooi, Willem J.},
title = {{Does Central Bank Independence Really Matter?: New Evidence for Developing Countries Using a New Indicator}},
journal = {Journal of Banking and Finance},
year = {2000},
volume = {24},
pages = {643--664}
}

@TECHREPORT{Detragiache2010,
  author = {Enrica Detragiache and Giang Ho},
  title = {Responding to Banking Crises: Lessons from Cross-Country Evidence},
  institution = {International Monetary Fund},
  year = {2010},
  type = {Working Paper},
  number = {WP/10/18},
  address = {Washington, DC},
  owner = {christophergandrud},
  timestamp = {2011.04.21}
}

@UNPUBLISHED{DevelopmentCommitteeOfIOSCO1990,
  author = {{Development Committee Of IOSCO}},
  title = {The Role of Securities Commissions},
  month = {September},
  year = {1990},
  owner = {christophergandrud},
  timestamp = {2010.10.06}
}

@ARTICLE{Devenow1996,
  author = {Andrea Devenow and Ivo Welch},
  title = {Rational herding in financial economics},
  journal = {European Economic Review},
  year = {1996},
  volume = {40},
  pages = {603-615},
  owner = {christophergandrud},
  timestamp = {2010.06.08}
}

@ARTICLE{Dewatripont2000,
  author = {Dewatripont, Mathias and Jewitt, Ian and Tirole, Jean},
  title = {Multitask Agency Problems: Focus and Task Clustering},
  journal = {European Economic Review},
  year = {2000},
  volume = {44},
  pages = {869--877}
}

@ARTICLE{Diamond1983,
  author = {Douglas W. Diamond and Philip H. Dybvig},
  title = {Bank Runs, Deposit Insurance, and Liquidity},
  journal = {Journal of Political Economy},
  year = {1983},
  volume = {91},
  pages = {401-419},
  number = {3},
  owner = {christophergandrud},
  timestamp = {2010.06.02}
}

@BOOK{Diamond1999,
    title = {Developing Democracy: Towards Consolidation},
    author = {Larry Diamond},
    year = {1999},
    publisher = {Johns Hopkins University Press},
    address = {Baltimore}
}

@article{Diamond2009,
author = {Diamond, Douglas W and Rajan, Raghuram},
title = {{The Credit Crisis: Conjectures about Causes and Remedies}},
journal = {NPER},
year = {2009},
pages = {1--15}
}

@ARTICLE{Diermeier1999,
  author = {Daniel Diermeier and Randy T. Stevenson},
  title = {Cabinet Survival and Competing Risks},
  journal = {American Journal of Political Science},
  year = {1999},
  volume = {43},
  pages = {1051--1108},
  number = {4},
  month = aug
}

@article{Diermeier2002,
author = {Diermeier, Daniel and Eraslan, H{\"u}lya and Merlo, Antonio},
title = {{Coalition Governments and Comparative Constitutional Design}},
journal = {European Economic Review},
year = {2002},
volume = {46},
number = {4-5},
pages = {893--907}
}

@ARTICLE{DiMaggio1983,
  author = {Paul DiMaggio and Walter Powell},
  title = {The Iron Cage Revisited: Institutional Isomorphism and Collective
  Rationality in Organizational Fields},
  journal = {American sociological review},
  year = {1983},
  volume = {48},
  pages = {147-160},
  number = {2}
}

@BOOK{Dobbin1994,
author = {Frank Dobbin},
title = {Forging Industrial Policy: The United States, Britain, and France in the Railway Age},
year = {1994},
publisher = {Cambridge University Press},
address = {Cambridge}
}

@article{Dobbins2003,
author = {Dobbins, James F},
title = {{America's Role in Nation-Building: From Germany to Iraq}},
journal = {Survival},
year = {2003},
volume = {45},
number = {4},
pages = {87--110}
}


@ARTICLE{Dobbin2007,
  author = {Frank Dobbin and Beth Simmons and Geoffrey Garrett},
  title = {The Global Diffusion of Public Policies: Social Construction, Coercion,
  Competition, or Learning},
  journal = {Annual Review of Sociology},
  year = {2007},
  volume = {33},
  pages = {449-72},
  owner = {christophergandrud},
  timestamp = {2010.09.23}
}

@ARTICLE{Downs1994,
  author = {Downs, George W. and Rocke, David M.},
  title = {Conflict, Agency, and Gambling for Resurrection: The Principal-Agent
  Problem Goes to War},
  journal = {American Journal of Political Science},
  year = {1994},
  volume = {38},
  pages = {362--380},
  number = {2}
}

@article{Downes2004,
author = {Downes, Alexander B},
title = {{The Problem with Negotiated Settlements to Ethnic Civil Wars}},
journal = {Security Studies},
year = {2004},
volume = {13},
number = {4},
pages = {230--279}
}

@article{Dreher2005,
author = {Dreher, Axel},
title = {{Does the IMF Influence Fiscal and Monetary Policy}},
journal = {Journal of Economic Policy Reform},
year = {2005},
volume = {8},
number = {3},
pages = {225--238},
month = may
}

@ARTICLE{Dreher2006,
  author = {Axel Dreher},
  title = {IMF and Economic Growth: The Effects of Programs, Loans, and Compliance
  with Conditionality},
  journal = {World Development},
  year = {2006},
  volume = {34},
  pages = {769-788},
  number = {5},
  owner = {christophergandrud},
  timestamp = {2010.05.10}
}

@ARTICLE{Dreher2008,
  author = {Axel Dreher and Jan-Egbert Strum and Jakob {de Haan}},
  title = {Does High Inflation Cause Central Bankers to Lose Their Job? Evidence
  Based on A New Data Set},
  journal = {European Journal of Political Economy},
  year = {2008},
  volume = {24},
  pages = {778-787},
  number = {4},
  owner = {christophergandrud},
  timestamp = {2010.07.20}
}

@article{Dreher2008imfforecast,
author = {Dreher, Axel and Marchesi, Silvia and Vreeland, James Raymond},
title = {{The Political Economy of IMF Forecasts}},
journal = {Public Choice},
year = {2008},
volume = {137},
pages = {145--171}
}

@article{Dreher2010,
author =  {Axel Dreher and Jan-Egbert Strum and Jakob {de Haan}},
title = {{When is a Central Bank Governor Replaced? Evidence based on a new data set}},
journal = {Journal of Macroeconomics},
year = {2010},
volume = {32},
pages = {766--781}
}

@TECHREPORT{Dorrucci2011,
author = {Dorrucci, Ettore and McKay, Julie},
title = {{The International Monetary System After the Financial Crisis}},
institution = {The European Central Bank},
type = {Occasional Paper Series},
number = {123},
note = {\url{https://www.ecb.int/pub/pdf/scpops/ecbocp123.pdf}},
year = {2011},
month = feb
}

@BOOK{Duverger1954,
  title = {Political Parties. Their Organization and Activity in the Modern
  State},
  publisher = {Wiley},
  year = {1954},
  author = {Maurice Duverger},
  address = {New York},
  owner = {Gandrud},
  timestamp = {2009.10.31}
}

@ARTICLE{Dymski2002,
  author = {Gary A. Dymski},
  title = {The Global Bank Merger Wave: Implications for Developing Countries},
  journal = {The Developing Economies},
  year = {2002},
  volume = {40},
  pages = {435-466},
  number = {4},
  owner = {christophergandrud},
  timestamp = {2011.02.19}
}

@TECHREPORT{Dziobek1997,
  author = {Claudia Dziobek and Ceyla Pazarba\c{s}io\v{g}lu},
  title = {Lessons from Systemic Bank Restructuring: A Survey of 24 Countries},
  institution = {International Monetary Fund},
  year = {1997},
  type = {Working Paper},
  number = {WP/97/161},
  address = {Washington, DC},
  month = {December},
  owner = {christophergandrud},
  timestamp = {2011.04.22}
}

@ARTICLE{Easterly2001,
  author = {William Easterly},
  title = {The Lost Decades: Developing Countries' Stagnation in Spite of Policy
  Reform 1980-1998},
  journal = {Journal of Economic Growth},
  year = {2001},
  volume = {6},
  pages = {135-157},
  number = {2},
  owner = {christophergandrud},
  timestamp = {2010.07.19}
}

@BOOK{Easterly2006,
author = {William Easterly},
title = {The White Man's Burden: Why the West's Efforts to Aid the Rest Have Done So Much Ill and So Little Good},
year = {2006},
publisher = {Penguin Press},
address = {New York}
}

@ARTICLE{Edwards1971,
  author = {Edwards, Ward},
  title = {Bayesian and Regression Models of Human Information Processing--A
  Myopic Perspective},
  journal = {Organizational Behaviour and Human Performance},
  year = {1971},
  volume = {6},
  pages = {639--648}
}

@TECHREPORT{Eichengreen2004,
author = {Eichengreen, Barry},
title = {{Global Imbalances and the Lessons of Bretton Woods}},
institution = {NBER},
type = {Working Paper},
number = {10497},
note = {\url{https://www.nber.org/papers/w10497}},
year = {2004},
pages = {1--41},
month = may
}

@INCOLLECTION{Eichengreen2006,
  chapter = {European Integration},
  pages = {799--813},
  booktitle = {The Oxford Handbook of Political Economy},
  publisher = {Oxford University Press},
  year = {2006},
  author = {Barry Eichengreen},
  address = {Oxford},
  editors = {Barry Weingast and Donald Wittman}
}

@article{Eichengreen2009,
author = {Eichengreen, Barry},
title = {{Out of the Box Thoughts about the International Financial Architecture}},
journal = {IMF Working Paper},
year = {2009},
pages = {1--26},
month = may
}

@article{Eichengreen2011,
author = {Eichengreen, Barry and Dincer, Nergiz},
title = {{Who Should Supervise? The Structure of Bank Supervision and the Performance of the Financial System}},
journal = {NBER Working Paper Series},
year = {2011},
month = sep
}

@inproceedings{Eichengreen2011Korea,
author = {Barry Eichengreen},
title = {{Reforming the International Financial Architecture, 2011 Edition}},
booktitle = {Annual Research Conference, Bank of Korea},
year = {2011},
month = May
}

@INBOOK{einhornhogarth1987,
  chapter = {Decision Making under Ambiguity},
  pages = {41-66},
  title = {Rational Choice: The contrast between economics and psychology},
  publisher = {The University of Chicago Press},
  year = {1987},
  editor = {Robin M. Hogarth and MelvinW. Reder},
  author = {Hillel J. Einhorn and Robin M. Hogarth},
  date-added = {2009-07-07 09:08:51 +0100},
  date-modified = {2009-07-07 09:11:17 +0100}
}

@ARTICLE{Einhorn1978,
  author = {Einhorn, Hillen J. and Hogarth, Robin M},
  title = {Confidence in Judgment: Persistence of the Illusion of Validity},
  journal = {Psychological Review},
  year = {1978},
  volume = {85},
  pages = {395--416},
  number = {5}
}

@OTHER{Eisinger2011,
  author = {Eisinger, Jesse},
  title = {Tackling Reams of Bank Data Can Take Diligence, and Trust},
  url = {https://www.propublica.org/thetrade/item/tackling-reams-of-bank-data-can-take-diligence-and-trust}
}

@ARTICLE{Elkins2006,
  author = {Zachary Elkins and Andrew T. Guzman and Beth A. Simmons},
  title = {Competing for Capital: The Diffusion of Bilateral Investment Treaties,
  1960-2000},
  journal = {International Organization},
  year = {2006},
  volume = {60},
  pages = {811-846},
  owner = {Gandrud},
  timestamp = {2009.12.03}
}

@ARTICLE{Elkins2005,
  author = {Zachary Elkins and Beth Simmons},
  title = {On Waves, Clusters, and Diffusion: A Conceptual Framework},
  journal = {The Annals of the American Academy of Political and Social Science},
  year = {2005},
  volume = {598},
  pages = {33-51},
  owner = {christophergandrud},
  timestamp = {2010.08.24}
}

@article{Elkins2010,
author = {Elkins, Zachary},
title = {{Diffusion and the Constitutionalization of Europe}},
journal = {Comparative Political Studies},
year = {2010},
volume = {43},
number = {8-9},
pages = {969--999},
month = jun
}

@UNPUBLISHED{ElkinsCCP2010,
    title = {The Comparative Constitutions Project},
    author = {Zachary Elkins and Tom Ginsburg and James Melton},
    year = {2010},
    note = {\url{https://comparativeconstitutionsproject.org}}
}

@ARTICLE{ellsberg1961,
  author = {D. Ellsberg},
  title = {Risk, Ambiguity, and the Savage Axioms},
  journal = {Quarterly Journal of Economics},
  year = {1961},
  volume = {75},
  pages = {643-679}
}

@ARTICLE{elsingerdamasio1985,
  author = {P.J. Elsinger and A.R. Damasio},
  title = {Severe disturbance of higher cognition after bilateral frontal lobe
  ablation: Patient evr},
  journal = {Neurology},
  year = {1985},
  volume = {35},
  pages = {1731-1741},
  date-added = {2009-07-08 14:12:50 +0100},
  date-modified = {2009-07-08 14:14:19 +0100}
}

@article{Enoch2001,
author = {Enoch, Charles and Garcia, Gillian and Sundararajan, V},
title = {{Recapitalizing Banks with Public Funds}},
journal = {IMF Staff Paper},
year = {2001},
volume = {48},
number = {1},
pages = {58--110}
}

@ARTICLE{Epstein2010,
  author = {Epstein, Larry G. and Noor, Jawwad and Sandroni, Alvaro},
  title = {Non-Bayesian Learning},
  journal = {The B.E. Journal of Theoretical Economics},
  year = {2010},
  volume = {10},
  pages = {1--13},
  number = {1}
}

@ARTICLE{Ewing2010,
  author = {Jack Ewing},
  title = {Supervising Banks' Liquidity Is a Pain for Regulators},
  journal = {The New York Times},
  year = {2010},
  volume = {18 September},
  organization = {The New York Times},
  owner = {christophergandrud},
  timestamp = {2010.09.23}
}

@article{Farrell1996,
author = {Farrell, Joseph and Rabin, Matthew},
title = {{Cheap Talk}},
journal = {The Journal of Economic Perspectives},
year = {1996},
volume = {10},
number = {3},
pages = {103-118}
}

@ELECTRONIC{FDIC2010,
  author = {FDIC},
  month = {January},
  year = {2010},
  title = {Who is the FDIC?},
  howpublished = {website},
  organization = {Federal Deposit Insurance Corporation},
  address = {Washington, DC},
  url = {https://www.fdic.gov/about/learn/symbol/index.html},
  owner = {christophergandrud},
  timestamp = {2010.06.02}
}

@article{Fearon1991,
author = {Fearon, James D.},
title = {{Counterfactuals and Hypothesis Testing in Political Science}},
journal = {World Politics},
year = {1991},
volume = {43},
number = {2},
pages = {169--195}
}

@INCOLLECTION{Fearon2002,
  chapter = {Rationalism v. Constructivism: A Skeptical View},
  pages = {52-72},
  booktitle = {Handbook of International Relations},
  publisher = {Sage Publications},
  year = {2002},
  editor = {Walter Carlsnaes and Thomas Risse and Beth A. Simmons},
  author = {James Fearon and Alexander Wendt},
  address = {London},
  owner = {christophergandrud},
  timestamp = {2011.04.04}
}

@article{Fearon2004,
author = {Fearon, James D.},
title = {{Separatist Wars, Partition, and World Order}},
journal = {Security Studies},
year = {2004},
volume = {13},
number = {4},
pages = {394--415}
}

@ARTICLE{Feldstein1998,
  author = {Martin Feldstein},
  title = {Refocusing the IMF},
  journal = {FOREIGN AFFAIRS},
  year = {1998},
  volume = {77},
  number = {20-33}
}

@UNPUBLISHED{Fern'andez-i-Mar'in,
  author = {Xavier {Fern\'{a}ndez-i-Mar\'{i}n} and Jacint Jordana and David Levi-Faur},
  title = {Regionalization and Globalization in Regulatory Capitalism: the Regional
  Dimension in the Diffusion of Regulatory Agencies},
  year = {2010},
  owner = {christophergandrud},
  timestamp = {2010.08.09}
}

@ARTICLE{Fine1999,
  author = {Jason P. Fine and Robert J. Gray},
  title = {A Proportional Hazards Model for the Subdistribution of a Competing
  Risk},
  journal = {Journal of the American Statistical Society},
  year = {1999},
  volume = {94},
  pages = {496-509},
  number = {446},
  owner = {christophergandrud},
  timestamp = {2010.06.25}
}

@article{Finnemore1998,
author = {Finnemore, Martha and Sikkink, Kathryn},
title = {{International Norm Dynamics and Political Change}},
journal = {International Organization},
year = {1998},
volume = {52},
number = {4},
pages = {887--917},
month = oct
}

@article{Finnemore2001,
author = {Finnemore, Martha and Sikkink, Kathryn},
title = {{Taking Stock: The Constructivist Research Program in International Relations and Comparative Politics}},
journal = {Annual Review of Political Science},
year = {2001},
volume = {4},
pages = {391--416},
month = oct
}

@ARTICLE{Fischer1995,
  author = {Fischer, Stanley},
  title = {Central-Bank Independence Revisited},
  journal = {The American Economic Review},
  year = {1995},
  volume = {85},
  pages = {201-206},
  number = {2},
  month = may
}

@article{Fish2006,
author = {Fish, M. Steven},
title = {{Stronger Legislatures, Stronger Democracies}},
journal = {Journal of Democracy},
year = {2006},
volume = {17},
number = {1},
pages = {5--20}
}

@BOOK{Fish2009,
  title = {The Handbook of National Legislatures: A global survey},
  publisher = {Cambridge University Press},
  year = {2009},
  author = {M. Steven Fish and Matthew Kroening},
  address = {Cambridge},
  owner = {Gandrud},
  timestamp = {2010.01.11}
}

@ARTICLE{Floridi2005,
  author = {Luciano Floridi},
  title = {Is Semantic Information Meaningful Data?},
  journal = {Philosphy and Phenomenology Research},
  year = {2005},
  volume = {70},
  pages = {351--370},
  number = {2},
  month = mar
}

@article{Follesdal2006,
author = {Follesdal, Andreas and Hix, Simon},
title = {{Why There is a Democratic Deficit in the EU: A Response to Majone and Moravcsik}},
journal = {Journal of Common Market Studies},
year = {2006},
volume = {44},
number = {3},
pages = {533--562}
}

@ARTICLE{foxrottenstreich2003,
  author = {Craig R. Fox and Yuval Rottenstreich},
  title = {Partition Priming in Judgement Under Uncertainty},
  journal = {Psychological Science},
  year = {2003},
  volume = {14},
  pages = {195-200}
}

@ARTICLE{foxtversky1995,
  author = {Fox, Craig R. and Tversky, Amos},
  title = {Ambiguity Aversion and Comparative Ignorance},
  journal = {The Quarterly Journal of Economics},
  year = {1995},
  volume = {110},
  pages = {585--603},
  number = {3},
  abstract = {Decisions under uncertainty depend not only on the degree of uncertainty
  but also on its source, as illustrated by Ellsberg's observation
  of ambiguity aversion. In this article we propose the comparative
  ignorance hypothesis, according to which ambiguity aversion is produced
  by a comparison with less ambiguous events or with more knowledgeable
  individuals. This hypothesis is supported in a series of studies
  showing that ambiguity aversion, present in a comparative context
  in which a person evaluates both clear and vague prospects, seems
  to disappear in a noncomparative context in which a person evaluates
  only one of these prospects in isolation.},
  bdsk-url-1 = {https://www.jstor.org/stable/2946693},
  copyright = {Copyright {\^A}{\copyright} 1995 The MIT Press},
  issn = {00335533},
  jstor_formatteddate = {Aug., 1995},
  publisher = {The MIT Press},
  url = {https://www.jstor.org/stable/2946693}
}

@ARTICLE{franchino,
  author = {Fabio Franchino},
  title = {Control of the Commission's Executive Functions: Uncertainty, Conflict
  and Decision Rules},
  journal = {European Union Politics},
  year = {2000},
  volume = {1},
  pages = {63-92},
  number = {1},
  date-added = {2009-07-14 15:26:55 +0100},
  date-modified = {2009-07-14 15:29:08 +0100}
}

@INBOOK{frantz2006,
  chapter = {Intuition in Behavioral Economics},
  title = {Handbook of Contemporary Behavioral Economics: Foundations and developments},
  publisher = {M.E. Share},
  year = {2006},
  editor = {M. Altman},
  author = {R. Frantz},
  address = {London},
  date-added = {2009-07-08 11:43:46 +0100},
  date-modified = {2009-07-08 11:45:39 +0100}
}

@ARTICLE{frieden1991,
  author = {Frieden, Jeffry},
  title = {Invested Interests: The politics of national economic policies in
  a world of global finance},
  journal = {International Organization},
  year = {1991},
  volume = {45},
  issue = {4DS},
  pages = {425-451}
}

@BOOK{Frieden2010,
    title = {World Politics: Interests, Interactions, Institutions},
    author = {Jeffry Frieden and David Lake and Kenneth Schultz},
    publisher = {W.W. Norton and Company},
    address = {New York},
    year = {2010}
}

@INCOLLECTION{Frieden2010Imbalances,
  title={The Political Economy of Rebalancing},
  author={Frieden, Jeffry.},
  journal={Rebalancing the Global Economy: A Primer for Policymaking},
  pages={149-155},
  year={2010},
  publisher={CEPR},
  note = {\url{https://www.people.fas.harvard.edu/~jfrieden/public_html/Misc_Works/Political\%20economy\%20of\%20rebalancing.pdf}}
}

@BOOK{FriedenIPE2010,
    title = {International Political Economy: Perspectives on Global Power and Wealth},
    author = {Jeffry Frieden and David Lake and J. Lawrence Broz},
    year = {2010},
    publisher = {W.W. Norton \& Company},
    address = {New York},
    edition = {5th}
}

@BOOK{Friedman1963,
  title = {A Monetary History of the United States, 1867-1960},
  publisher = {Princeton University Press},
  year = {1963},
  author = {Milton Friedman and Anna Schwartz},
  owner = {christophergandrud},
  timestamp = {2010.06.08}
}

@ELECTRONIC{Frontline2011,
  author = {Frontline},
  year = {2011},
  title = {The Crash: Timeline of the Panic},
  language = {English},
  howpublished = {website},
  organization = {PBS},
  address = {Washington, DC},
  url = {https://www.pbs.org/wgbh/pages/frontline/shows/crash/etc/cron.html},
  owner = {christophergandrud},
  timestamp = {2011.01.25}
}

@article{Frye1997,
author = {Frye, Timothy},
title = {{A Politics of Institutional Choice: Post-Communist Presidencies}},
journal = {Comparative Political Studies},
year = {1997},
volume = {30},
number = {5},
pages = {523--552}
}

@INBOOK{Frydl2006,
  chapter = {The Benefits and Costs of Intervening in Banking Crises},
  pages = {24-96},
  title = {Bank Restructuring and Resolution},
  publisher = {Palgrave Macmillan},
  year = {2006},
  editor = {David S. Hoelscher},
  author = {Edward J. Frydl and Marc Quintyn},
  address = {New York},
  owner = {christophergandrud},
  timestamp = {2011.05.20}
}

@TECHREPORT{FsaRBS2011,
author = {{Financial Services Authority}},
title = {The Failure of the Royal Bank of Scotland: Financial Services Authority Board Report},
year = {2011},
note = {\url{https://www.fsa.gov.uk/static/pubs/other/rbs.pdf}}
}

@TECHREPORT{FSS2008,
  author = {FSS},
  title = {The Korean Economy: Past \& Present: 1997 vs. 2008},
  institution = {Korean Financial Supervisory Service},
  year = {2008},
  type = {Position Paper},
  address = {Seoul},
  owner = {christophergandrud},
  timestamp = {2011.02.23}
}

@ARTICLE{Fuglister2011,
    title = {Where Does Learning Take Place? The Role of Intergovernmental Cooperation in Policy Diffusion},
    author = {Katharina F\"{u}glister},
    journal = {European Journal of Political Research},
    year = {2011},
}

@TECHREPORT{Fung2004,
  author = {Ben Fung and Jason George and Stefan Hohl and Guonan Ma},
  title = {Public Asset Management Companies in East Asia},
  institution = {Financial Stability Institute},
  year = {2004},
  type = {Occassional Paper},
  number = {3},
  owner = {christophergandrud},
  timestamp = {2011.05.16}
}

@ARTICLE{Furman1998,
  author = {Jason Furman and Joseph E. Stiglitz and Barry P. Bosworth and Steven
  Radelet},
  title = {Economic Crises: Evidence and Insights from East Asia},
  journal = {Brookings Papers on Economic Activity},
  year = {1998},
  volume = {1998},
  pages = {1--135},
  number = {2}
}

@article{Gallagher1991,
author = {Gallagher, Michael},
title = {{Proportionality, Disproportionality, and Electoral Systems}},
journal = {Electoral Studies},
year = {1991},
volume = {10},
number = {1},
pages = {33--41}
}

@UNPUBLISHED{Gallagher2012,
    author = {Gallagher, Michael},
    year = {2012},
    title = {Electoral Systems Website},
    note = {\url{https://www.tcd.ie/Political_Science/staff/michael_gallagher/ElSystems/}}
}

@MISC{Gandrud2011,
  author = {Christopher Gandrud},
  title = {Competing Risks and the Mechanisms of Deposit Insurance Governance
  Convergence},
  howpublished = {Electronic Mimeo},
  year = {2011},
  owner = {christophergandrud},
  timestamp = {2011.04.22},
  url = {https://dl.dropbox.com/u/12581470/Working_Papers/DI_Gandrud_2011.pdf}
}

@UNPUBLISHED{Gandrud2009,
  author = {Christopher Gandrud},
  title = {Global Ideas, Local Uncertainty: From London and Basel to the World?},
  year = {2010},
  owner = {c.gandrud},
  timestamp = {2010.02.23}
}

@ARTICLE{Garcia1997,
  author = {Gillian Garcia},
  title = {Protecting Bank Deposits},
  journal = {Economic Issues},
  year = {1997},
  volume = {9},
  pages = {1--20},
  month = jun
}

@TECHREPORT{Garcia1996,
  author = {Gillian Garcia},
  title = {Deposit Insurance: Obtaining the Benefits and Avoiding the Pitfalls},
  institution = {IMF},
  year = {1996},
  type = {IMF Working Paper},
  number = {WP/96/83},
  owner = {christophergandrud},
  timestamp = {2011.06.23}
}

@ARTICLE{Garcia2000,
  author = {Gillian G.H. Garcia},
  title = {Deposit Insurance and Crisis Management},
  journal = {IMF Working Paper},
  year = {2000},
  volume = {1},
  number = {3},
  owner = {christophergandrud},
  timestamp = {2011.04.26}
}

@TECHREPORT{Garcia1999,
  author = {Gillian G. H. Garcia},
  title = {Deposit Insurance: A Survey of Actual and Best Practice},
  institution = {International Monetary Fund},
  year = {1999},
  type = {Working Paper},
  number = {WP/99/54},
  address = {Washington, DC},
  month = {April},
  owner = {christophergandrud},
  timestamp = {2010.06.04}
}

@article{Gardner1990,
author = {Gardner, Roy and Ostrom, Elinor and Walker, James M.},
title = {{The Nature of Common-Pool Resource Problems}},
journal = {Rationality and Society},
year = {1990},
volume = {2},
number = {3},
pages = {335--358}
}

@INCOLLECTION{garrett1993,
  author = {Garrett, Geoffory and Weingast, Barry R.},
  title = {Ideas, Interests, and Institutions: Constructing the European Communities'
  Internal Market},
  booktitle = {Ideas and foreign policy: beliefs, institutions, and political change},
  publisher = {Cornell University Press},
  year = {1993},
  editor = {Goldstein and Keohane},
  pages = {173-206},
  address = {Ithaca}
}

@article{Garrett2001,
author = {Garrett, Geoffrey and Mitchell, Deborah},
title = {{Globalization, Government Spending, and Taxation in the OECD}},
journal = {Eurpopean Journal of Political Research},
year = {2001},
volume = {39},
number = {2},
pages = {145--177}
}

@article{Gates2006,
author = {Gates, Scott and Hegre, H{\aa}vard and Jones, Mark P. and Strand, H{\aa}vard},
title = {Institutional Inconsistency and Political Instability: Policy Duration, 1800-2000},
journal = {American Journal of Political Science},
year = {2006},
volume = {50},
number = {4},
pages = {893--908}
}

@article{Gelmanetal1998,
author = {Gelman, Andrew and King, Gary and Boscardin, John},
title = {{Estimating the Probability of Events that Have Never Occured: When is Your Vote Decisive?}},
journal = {Journal of the American Statistical Association},
year = {1998},
volume = {93},
number = {441},
pages = {1--9},
month = mar
}

@ELECTRONIC{Gelman2011,
  author = {Andrew Gelman},
  month = jul,
  year = {2011},
  title = {``One of the Easiest Ways to Differentiate an Economist From Almost
  Anyone Else in Society''},
  howpublished = {website},
  url = {{\url{https://andrewgelman.com/2011/07/one_of_the_easi}}},
  day = {19}
}

@BOOK{Gelman2002,
  title = {Teaching Statistics: a bag of tricks},
  publisher = {Oxford University Press},
  year = {2002},
  author = {Andrew Gelman and Deborah Nolan},
  address = {Oxford},
  owner = {christophergandrud},
  timestamp = {2010.09.16}
}

@ARTICLE{Genteman1994,
  author = {R.C. Genteman and J.F. Lawless and P. Yan},
  title = {Multi-state Markov Models for analysisng incomplete disease history
  data with illustrations for HIV disease},
  journal = {Statistics in Medicine},
  year = {1994},
  volume = {13},
  pages = {805-821},
  number = {3},
  owner = {christophergandrud},
  timestamp = {2010.06.03}
}

@INCOLLECTION{Gerring2008,
  chapter = {Case Selection for Case-study Analysis: Qualitative and Quantitative
  Techniques},
  pages = {645-684},
  booktitle = {The Oxford Handbook of Political Methodology},
  publisher = {Oxford University Press},
  year = {2008},
  editor = {Janet M. Box-Steffensmeier and Henry E. Brady and David Collier},
  author = {John Gerring},
  owner = {christophergandrud},
  timestamp = {2011.01.12}
}

@BOOK{Gibbons1992,
    title = {A Primer in Game Theory},
    author = {Robert Gibbons},
    year = {1992},
    publisher = {Pearson Education Limited},
    address = {Harlow, Essex}
}

@ARTICLE{Gilardi2010,
  author = {Fabrizio Gilardi},
  title = {Who Learns from What in Policy Diffusion Processes?},
  journal = {American Journal of Political Science},
  year = {2010},
  volume = {54},
  pages = {650-666},
  number = {3},
  month = jun
}

@ARTICLE{Gilardi2007,
  author = {Fabrizio Gilardi},
  title = {The Same But Different: Central Banks, Regulatory Agencies, and the
  Politics of Delegation to Independent Authorities},
  journal = {Comparative European Politics},
  year = {2007},
  volume = {5},
  pages = {303-327},
  month = aug
}

@ARTICLE{Gilardi2005,
  author = {Fabrizio Gilardi},
  title = {The Institutional Foundations of Regulatory Capitalism: The Diffusion
  of Independent Regulatory Agencies in Western Europe},
  journal = {The Annals of the American Academy of Political and Social Science},
  year = {2005},
  volume = {598},
  pages = {84-101},
  owner = {christophergandrud},
  timestamp = {2010.07.01}
}

@ARTICLE{Gilardi2008,
  author = {F. Gilardi and K. F\"uglister},
  title = {Empirical Modeling of Policy Diffusion in Federal States: The Dyadic
  Approach},
  journal = {Swiss Political Science Review},
  year = {2008},
  volume = {14},
  pages = {413-430},
  number = {3},
  owner = {christophergandrud},
  timestamp = {2010.10.11}
}

@ARTICLE{Gilardi2009,
  author = {Fabrizio Gilardi and Katharine F\"{u}glister and St\'{e}phane Luyet},
  title = {Learning From Others: The Diffusion of Hospital Financing Reforms
  in OECD Countries},
  journal = {Comparative Political Studies},
  year = {2009},
  volume = {42},
  pages = {549-573},
  number = {4},
  owner = {christophergandrud},
  timestamp = {2011.03.02}
}

@INCOLLECTION{Gilardi2006delegate,
    title = {Delegation to Independent Regulatory Agencies in Western Europe: Credibility, Political Uncertainty, and Diffusion},
    editor = {Dietmar Braun and Fabrizio Gilardi},
    author = {Fabrizio Gilardi},
    year = {2006},
    booktitle = {Delegation in Contemporary Democracies},
    publisher = {Routledge},
    address = {London},
    pages = {125--145}
}

@ARTICLE{Gilboa2008,
  author = {Gilboa, Itzhak and Postlewaite, Andrew and Schmeidler, David},
  title = {Probability and Uncertainty in Economic Modeling},
  year = {2008},
  volume = {22},
  pages = {173--188},
  number = {3}
}

@BOOK{gill2006,
  title = {Essential Mathematics for Poltical and Social Research},
  publisher = {Cambridge University Press},
  year = {2006},
  author = {Jeff Gill},
  address = {Cambridge},
  date-added = {2009-07-07 09:21:40 +0100},
  date-modified = {2009-07-07 09:22:32 +0100}
}

@ARTICLE{Gilligan1987,
    title = {Collective Decision Making and Standing Committees: An Informational Rationale for Restrictive Amendment Procedures},
    author = {Thomas Gilligan and Keith Krehbiel},
    year = {1987},
    journal = {Journal of Law, Economics, and Organizations},
    volume = {3},
    issue = {2},
    pages = {287-335}
}

@article{Gilligan2008,
author = {Gilligan, Michael J. and Sergenti, Ernest J.},
title = {{Do UN Interventions Cause Peace? Using Matching to Improve Causal Inference}},
journal = {Quarterly Journal of Political Science},
year = {2008},
volume = {3},
number = {2},
pages = {89--122}
}

@ARTICLE{Glennerster2008,
  author = {Glennerster, Rachel and Shin, Yongseok},
  title = {Does Transparency Pay?},
  journal = {IMF Staff Papers},
  year = {2008},
  volume = {55},
  pages = {183-209},
  number = {1}
}

@book{glimcher2010,
  title={Foundations of Neuroeconomic Analysis},
  author={Glimcher, Paul W.},
  isbn={9780199744251},
  lccn={2010013591},
  url={https://books.google.co.uk/books?id=QNVGM-bc6O8C},
  year={2010},
  publisher={Oxford University Press},
  address = {Oxford}
}

@article{Golder2005,
author = {Matt Golder},
title = {Democratic Electoral Systems Around the World, 1946-2000},
journal = {Electoral Studies},
year = {2005},
volume = {24},
pages = {103--121}
}

@article{Golder2006,
author = {Golder, Matt},
title = {{Presidential Coattails and Legislative Fragmentation}},
journal = {American Journal of Political Science},
year = {2006},
volume = {50},
number = {1},
pages = {34--48}
}

@BOOK{goldstein1993,
  title = {Ideas and Foreign Policy: Beliefs, Institutions, and Political Change},
  publisher = {Cornell University Press},
  year = {1993},
  author = {Goldstein, Judith and Keohane, Robert},
  address = {Ithaca}
}

@article{Golub2007,
author = {Golub, Jonathan and Steunenberg, Bernard},
title = {How Time Affects EU Decision-Making},
journal = {European Union Politics},
year = {2007},
volume = {8},
number = {4},
pages = {555--566}
}

@INBOOK{Golub2008,
    chapter = {Survival Analysis},
    author = {Jonathan Golub},
    title = {The Oxford Handbook of Political Methodology},
    editor = {Janet M. Box-Steffensmeier and Henry E. Brady and David Collier},
    year = {2008},
    publisher = {The Oxford University Press},
    address = {Oxford},
    pages = {530-546}
}

@ARTICLE{Goodhart2002,
  author = {Charles A. E. Goodhart},
  title = {The Organisational Structure of Banking Supervision},
  journal = {Economic Notes},
  year = {2002},
  volume = {31},
  pages = {1-32},
  number = {1},
  owner = {christophergandrud},
  timestamp = {2010.09.22}
}

@INBOOK{Goodhart1997,
  chapter = {Institutional Separation Between Supervisory and Monetary Agencies},
  title = {The Emerging Framework of Financial Regulation: A collection of papers
  compiled by the Financial Markets Group of the London School of Economics},
  publisher = {Central Banking Publications},
  year = {1997},
  editor = {Charles Goodhart},
  author = {Charles Goodhart and Dirk Schoenmaker},
  address = {London},
  pages = {133-212}

}

@ARTICLE{goodman1991,
  author = {John B. Goodman},
  title = {The Politics of Central Bank Independence},
  journal = {Comparative Politics},
  year = {1991},
  volume = {23},
  pages = {329-349},
  number = {3},
  date-added = {2009-10-27 17:17:44 +0000},
  date-modified = {2009-10-27 17:18:37 +0000}
}

@ARTICLE{Gordon2002,
  author = {Sanford C. Gordon},
  title = {Stochastic Dependence in Competing Risks},
  journal = {American Journal of Political Science},
  year = {2002},
  volume = {46},
  pages = {200--217},
  number = {1}
}

@article{Grofman2004,
author = {Grofman, Bernard and Feld, Scott L},
title = {{If You Like the Alternative Vote (a.k.a. the Instant Runoff), Then You Ought to Know About the Coombs Rule}},
journal = {Electoral Studies},
year = {2004},
volume = {23},
number = {4},
pages = {641--641659}
}

@BOOK{green1994,
  title = {Pathologies of Rational Choice Theory},
  publisher = {Yale University Press},
  year = {1994},
  author = {Green, Donald P. and Shapiro, Ian},
  address = {New Haven, CT}
}

@ARTICLE{Grossman1992,
  author = {Richard S. Grossman},
  title = {Deposit Insurance, Regulation, and Moral Hazard in the Thrift Industry:
  Evidence from the 1930's},
  journal = {The American Economic Review},
  year = {1992},
  volume = {82},
  pages = {800-821},
  number = {4},
  owner = {christophergandrud},
  timestamp = {2010.06.02}
}

@ARTICLE{Grugel2007,
  author = {Jean Grugel},
  title = {Democratization and Ideational Diffusion: Europe, Mercosur and Social
  Citizenship},
  journal = {Journal of Common Market Studies},
  year = {2007},
  volume = {45},
  pages = {43-68},
  number = {1},
  owner = {christophergandrud},
  timestamp = {2010.09.10}
}

@ARTICLE{Guo2007,
  author = {Gang Guo},
  title = {Retrospective Economic Accountability under Authoritarianism: Evidence
  from China},
  journal = {Political Research Quarterly},
  year = {2007},
  volume = {60},
  pages = {378-390},
  number = {3},
  owner = {Gandrud},
  timestamp = {2009.11.05}
}

@BOOK{Gutenberg1949,
  title = {Seismicity of the Earth},
  publisher = {Princeton University Press},
  year = {1949},
  author = {B. Gutenberg and C. F. Richter},
  address = {Princeton},
  owner = {christophergandrud},
  timestamp = {2010.09.16}
}

@ARTICLE{Ha2007,
  author = {Eunyoung Ha},
  title = {Globalization, Veto Players, and Welfare Spending},
  journal = {Comparative Political Studies},
  year = {2007},
  volume = {41},
  pages = {783--813},
  number = {6},
  month = nov
}

@ARTICLE{Haan2004,
  author = {Jakob De Haan and Fabian Amtenbrink and Sandra Waller},
  title = {The Transparency and Credibility of the European Central Bank},
  journal = {Journal of Common Market Studies},
  year = {2004},
  volume = {42},
  pages = {775-794},
  number = {4},
  owner = {christophergandrud},
  timestamp = {2010.06.08}
}

@ARTICLE{Haas1992,
  author = {Haas, Peter M.},
  title = {Introduction: Epistemic Communities and International Policy Coordination},
  journal = {International Organization},
  year = {1992},
  volume = {4},
  pages = {1--35},
  number = {1}
}

@ARTICLE{Haggard2001,
  author = {Stephan Haggard and Jongryn Mo},
  title = {The Political Economy of the Korean Financial Crisis},
  journal = {Review of International Political Economy},
  year = {2001},
  volume = {7},
  pages = {197--218},
  number = {2}
}

@ARTICLE{Hahm2000,
  author = {Joon-Ho Hahm and Frederic S. Mishkin},
  title = {The Korean Financial Crisis: an Asymmetric Information Perspective},
  journal = {Emerging Markets Review},
  year = {2000},
  volume = {1},
  pages = {21--52}
}

@ARTICLE{Hall1993,
  author = {Peter Hall},
  title = {Policy Paradigms, Social Learning, and the State: The Case of Economic
  Policymaking in Britain},
  journal = {Comparative Politics},
  year = {1993},
  volume = {25},
  pages = {275--296},
  number = {3}
}

@ARTICLE{Hall2009,
  author = {Peter A. Hall and Daniel W. Gingerich},
  title = {Varieties of Capitalims and Institutional Complementarities in the
  Political Economy: An Empiracal Analysis},
  journal = {British Journal of Political Science},
  year = {2009},
  volume = {39},
  pages = {449-482},
  owner = {christophergandrud},
  timestamp = {2011.02.23}
}

@article{RobertHall2010,
author = {Hall, Robert E},
title = {{Why Does the Economy Fall to Pieces after a Financial Crisis?}},
journal = {Journal of Economic Perspectives},
year = {2010},
volume = {24},
number = {4},
pages = {3--20},
month = nov
}

@INCOLLECTION{Hall2001,
  chapter = {Introduction to Varieties of Capitalism},
  pages = {1-70},
  booktitle = {Varieties of Capitalism: The Institutional Foundations of Comparative
  Advantage},
  publisher = {Oxford University Press},
  year = {2001},
  editor = {Peter A. Hall and David Soskice},
  author = {Peter A. Hall and David Soskice},
  address = {Oxford},
  owner = {christophergandrud},
  timestamp = {2010.09.18}
}

@ARTICLE{hall1996,
  author = {Hall, Peter A. and Taylor, Rosemary C.R.},
  title = {Political Science and the Three New Institutionalism},
  journal = {Political Studies},
  year = {1996},
  volume = {44},
  pages = {936-957},
  number = {5}
}

@ARTICLE{Hall2003,
  author = {Rodney Bruce Hall},
  title = {The Discursive Demolition of the Asian Development Model},
  journal = {International Studies Quarterly},
  year = {2003},
  volume = {47},
  pages = {71--99},
  number = {1}
}

@BOOK{Hallerberg2010,
  title = {Empirical Applications of Veto Player Analysis and Institutional
  Effectiveness},
  publisher = {Studies in Public Choice},
  year = {2010},
  editor = {K{\"o}nig, Thomas and Debus, Marc and Tsebelis, George},
  author = {Hallerberg, Mark},
  volume = {16}
}

@ARTICLE{hallerberg2002,
  author = {Mark Hallerberg},
  title = {Veto Players and the Choice of Monetary Institutions},
  journal = {International Organization},
  year = {2002},
  volume = {56},
  pages = {775-802},
  number = {4},
  date-added = {2009-10-20 16:56:05 +0100},
  date-modified = {2009-10-20 16:57:21 +0100}
}

@BOOK{Hallerberg2009,
  title = {Fiscal Governance in Europe},
  publisher = {Cambridge University Press},
  year = {2009},
  author = {Mark Hallerberg and Rolf Rainer Strauch and J\"urgen von Hagen},
  address = {Cambridge},
  owner = {c.gandrud},
  timestamp = {2010.02.23}
}

@BOOK{habermas1998,
  title = {The Pragmatics of Communication},
  publisher = {Polity},
  year = {1998},
  author = {Hamerbas, Jurgen},
  address = {Cambridge}
}

@ARTICLE{hanoch2002,
  author = {Y. Hanoch},
  title = {"Neither an angel nor an ant": Emotion as an aid to bounded rationality},
  journal = {Journal of Economics Psycohology},
  year = {2002},
  volume = {22},
  pages = {1-25}
}

@ARTICLE{Hay2004,
  author = {Hay, Collin},
  title = {Theory, Stylized Heuristic or Self-Fulfilling Prophecy? The Status
  of Rational Choice Theory in Public Administration},
  journal = {Public Administration},
  year = {2004},
  volume = {82},
  pages = {39-62},
  number = {1}
}

@ARTICLE{hay2002,
  author = {Hay, Colin and Rosamond, Ben},
  title = {Globalization, European integration and the discursive construction
  of economic imperatives},
  journal = {Journal of European Public Policy},
  year = {2002},
  volume = {9},
  pages = {147-167},
  number = {2}
}

@ARTICLE{Hayo2002,
  author = {Bernd Hayo and Carsten Hefeker},
  title = {Reconsidering Central Bank Independence},
  journal = {European Journal of Political Economy},
  year = {2002},
  volume = {18},
  pages = {653-674}
}

@TECHREPORT{He2004,
  author = {Dong He},
  title = {The Role of KAMCO in Resolving Nonperforming Loans in the Republic
  of Korea},
  institution = {International Monetary Fund},
  year = {2004},
  type = {Working Paper},
  number = {WP/04/172},
  address = {Washington, DC},
  month = {September},
  owner = {christophergandrud},
  timestamp = {2010.04.11}
}

@ARTICLE{heathtversky1991,
  author = {Chip Heath and Amos Tversky},
  title = {Preference and Belief: Ambiguity and Competence in Choice and Uncertainty},
  journal = {Journal of Risk and Uncertainty},
  year = {1991},
  volume = {4},
  pages = {5-28}
}

@ARTICLE{Hedeker2003,
  author = {Donald Hedeker},
  title = {A mixed-effects multinomial logistic regression model},
  journal = {Statistics in Medicine},
  year = {2003},
  volume = {22},
  pages = {1433-1446},
  owner = {christophergandrud},
  timestamp = {2010.06.23}
}

@ARTICLE{Hellman1998,
  author = {Joel Hellman},
  title = {Winners take all: The politics of partial reform in postcommunist
  transitions},
  journal = {World Politics},
  year = {1998},
  volume = {50},
  pages = {203-234},
  owner = {c.gandrud},
  timestamp = {2010.05.09}
}

@article{Hemmer2002,
author = {Hemmer, Christopher and Katzenstein, Peter J.},
title = {{Why is There No NATO in Asia? Collective Identity, Regionalism, and the Origins of Multilateralism}},
journal = {International Organization},
year = {2002},
volume = {56},
number = {3},
pages = {575--607}
}

@INBOOK{Hempel2001,
  chapter = {Chapter 5: Explanation and Prediction by Covering Laws},
  title = {The Philosophy of Carl G. Hempel: Studies in Science, Explaination,
  and Rationality},
  publisher = {Oxford University Press},
  year = {2001},
  editor = {Carl G. Hempel and James H. Fetzer},
  author = {Carl G. Hempel},
  address = {Oxford},
  owner = {christophergandrud},
  timestamp = {2010.09.20}
}

@article{Hern'an2004,
author = {Hern{\'a}n, Miguel A and Hern{\'a}ndez-D{\'\i}az, Sonia and Robins, James M},
title = {A Structural Approach to Selection Bias},
journal = {Epidemiology},
year = {2004},
volume = {15},
number = {5},
pages = {615--625},
month = sep
}

@ARTICLE{Hernan2010,
  author = {Miguel A. Hern{\'a}n},
  title = {The Hazards of Hazard Ratios},
  journal = {Epidemiology},
  year = {2010},
  volume = {21},
  pages = {13--15},
  number = {1},
  month = jan
}

@ARTICLE{Hibbs1997,
  author = {D.A. Hibbs},
  title = {Political Parties and Macroeconomic Policy},
  journal = {The American Political Science Review},
  year = {1977},
  volume = {71},
  pages = {1467-1487},
  month = {December},
  owner = {Gandrud},
  timestamp = {2009.11.02}
}

@ARTICLE{Hirsch2011,
  author = {Alexander V. Hirsch and Kenneth W Shotts},
  title = {Policy-Specific Information and Informal Agenda Power},
  journal = {American Journal of Political Science},
  year = {2011},
  pages = {1-17},
  month = sep
}

@article{Hiscox2002,
author = {Hiscox, Michael J.},
title = {{Commerce, Coalitions, and Factor Mobility: Evidence from Congressional Votes on Trade Legislation}},
journal = {American Political Science Review},
year = {2002},
volume = {96},
number = {3},
pages = {593--608}
}

@ARTICLE{Hix2010,
  author = {Hix, Simon and H{\o}yland, Bj{\o}rn and Vivyan, Nick},
  title = {From Doves to Hawks: A Spatial Analysis of Voting in the Monetary
  Policy Committee of the Bank of England},
  journal = {European Journal of Political Research},
  year = {2010},
  volume = {49},
  pages = {731-758},
  number = {6}
}

@article{Carey2011,
author = {Carey, John M and Hix, Simon},
title = {{The Electoral Sweet Spot: Low-Magnitude Proportional Electoral Systems}},
journal = {American Journal of Political Science},
year = {2011},
volume = {55},
number = {2},
pages = {383--397}
}

@TECHREPORT{Hoelscher2003,
  author = {David S. Hoelscher and Marc Quintyn},
  title = {Managing Systemic Banking Crises},
  institution = {International Monetary Fund},
  year = {2003},
  type = {Occasional Paper},
  number = {224},
  owner = {christophergandrud},
  timestamp = {2011.05.21}
}

@ARTICLE{Holt1978,
  author = {J.D. Holt},
  title = {Competing risk analyses with special reference to matched pair experiments},
  journal = {Biometrika},
  year = {1978},
  volume = {65},
  pages = {159-165},
  owner = {christophergandrud},
  timestamp = {2010.06.25}
}

@ARTICLE{Holzinger2005,
  author = {Katharina Holzinger and Christoph Knill},
  title = {Causes and Conditions of Cross-National Policy Convergence},
  journal = {Journal of European Public Policy},
  year = {2005},
  volume = {12},
  pages = {775-796},
  number = {5},
  owner = {christophergandrud},
  timestamp = {2010.08.24}
}

@ARTICLE{Honaker2010,
  author = {James Honaker and Gary King},
  title = {What to Do about Missing Values in Time-Series Cross-Section Data},
  journal = {American Journal of Political Science},
  year = {2010},
  volume = {54},
  pages = {561-581},
  owner = {christophergandrud},
  timestamp = {2010.07.02}
}

@MANUAL{Honaker2010a,
  title = {Amellia II: A Program for Missing Data},
  author = {James Honaker and Gary King and Matthew Blackwell},
  edition = {1.2-17},
  month = {May},
  year = {2010},
  owner = {christophergandrud},
  timestamp = {2010.07.09},
  note = {\url{https://gking.harvard.edu/amelia/}}
}

@article{Honaker2011,
author = {Honaker, James and King, Gary and Blackwell, Matthew},
title = {{Amelia II: A Program for Missing Data}},
journal = {Journal of Statistical Software},
year = {2011},
volume = {45},
number = {7},
month = dec
}


@ARTICLE{Hong2010,
  author = {Kwon Hee Hong},
  title = {Memoirs of Kang Kyung Shick},
  journal = {The Dong-A Ilbo},
  year = {2010},
  month = {Oct}
}

@ELECTRONIC{Honohan2010,
  author = {Patrick Honohan},
  month = {May},
  year = {2010},
  title = {The Irish Banking Crisis Regulatory and Financial Stability Policy
  2003-2008},
  note = {A Report to the Minister for Finance and the Governor of the Central
  Bank},
  url = {\url{https://www.bankinginquiry.gov.ie/The\%20Irish\%20Banking\%20Crisis\%20Regulatory\%20and\%20Financial\%20Stability\%20Policy\%202003-2008.pdf}},
  day = {31}
}

@ARTICLE{Honohan2009,
  author = {Patrick Honohan},
  title = {Resolving Ireland's Banking Crisis},
  journal = {The Economic and Social Review},
  year = {2009},
  volume = {40},
  pages = {207},
  issue = {2}
}

@BOOK{Horowitz1985,
    title = {Ethnic Groups in Conflict},
    author = {Donald L. Horowitz},
    year = {1985},
    publisher = {Berkeley University Press},
    address = {Berkeley}
}

@article{Horowitz1990,
author = {Horowitz, Donald L},
title = {{Comparing Democratic Systems}},
journal = {Journal of Democracy},
year = {1990},
volume = {1},
number = {4},
pages = {73--79}
}

@article{Horowitz1993,
author = {Horowitz, Donald L},
title = {{Democracy in Divided Societies}},
journal = {Journal of Democracy},
year = {1993},
volume = {4},
number = {4},
pages = {18--38}
}

@article{Horowitz2003,
author = {Horowitz, Donald L},
title = {{Electoral Systems: A Primer for Decision Makers}},
journal = {Journal of Democracy},
year = {2003},
volume = {14},
number = {4},
pages = {115--127}
}

@article{Huntington1993,
author = {Huntington, Samuel P.},
title = {{The Clash of Civilizations?}},
journal = {Foreign Affairs},
year = {1993},
volume = {22},
number = {3},
pages = {22--49}
}

@article{Kenen2002,
author = {Kenen, Peter B.},
title = {{The International Financial Architecture: Old Issues and New Initiatives}},
journal = {International Finance},
year = {2002},
volume = {5},
number = {1},
pages = {23--45}
}

@article{Krebs2007,
author = {Krebs, Ronald R. and Jackson, Patrick Thaddeus},
title = {Twisting Tongues and Twisting Arms: The Power of Political Rhetoric},
journal = {European Journal of International Relations},
year = {2007},
volume = {13},
number = {35},
pages = {35--66}
}

@article{Kivimaki2010,
author = {Kivim{\"a}ki, Timo},
title = {{East Asian Relative Peace: Does it Exist? What is it?}},
journal = {The Pacific Review},
year = {2010},
volume = {23},
number = {4},
pages = {503--526}
}

@article{Laakso1979,
author = {Laakso, Markku and Taagepera, Rein},
title = {{"Effective" Number of Parties: A measure with Application to West Europe}},
journal = {Comparative Political Studies},
year = {1979},
number = {12},
pages = {1}
}

@article{LinzPres1990,
author = {Linz, Juan J.},
title = {{The Perils of Presidentialism}},
journal = {Journal of Democracy},
year = {1990},
volume = {1},
number = {1},
pages = {51--69}
}

@article{LinzParl1990,
author = {Linz, Juan J.},
title = {{The Virtues of Parliamentarism}},
journal = {The Journal of Democracy},
year = {1990},
volume = {1},
number = {4},
pages = {84--91}
}

@article{Stepan1996,
author = {Stepan, Alfred C and Linz, Juan J.},
title = {{Toward Consolidated Democracies}},
journal = {Journal of Democracy},
year = {1996},
volume = {7},
number = {2},
pages = {14--33}
}

@ELECTRONIC{Oireachtas2011guarantee,
  author = {{House of the Oireachtas}},
  year = {2011},
  title = {Documents Re Guarantee},
  note = {Date Accessed: 18/10/2011},
  url = {\url{https://www.oireachtas.ie/viewdoc.asp?fn=/documents/Committees30thDail/PAC/Reports/document1.htm}}
}

@ELECTRONIC{Oireachtas_18_09_2008,
  author = {{House of the Oireachtas}},
  month = {September},
  year = {2008},
  title = {Presentation from Anglo Irish Bank},
  note = {Date Accessed: 19/10/2011},
  url = {\url{https://www.oireachtas.ie/viewdoc.asp?fn=/documents/Committees30thDail/PAC/Reports/DocumentsReGruarantee/document15.pdf}},
  day = {18}
}

@ELECTRONIC{Oireachtas_25_09_2008,
  author = {{House of the Oireachtas}},
  month = {September},
  year = {2008},
  title = {Transcript of handwritten note of meeting with Financial Regulator,
  Merrill Lynch, Central Bank, PwC, Arthur Cox, Attorney General, Taoiseach,
  Department of Taoiseach, Minister for Finance, Department of Finance,
  NTMA, Goldman Sachs (for part) Thursday},
  note = {Date Accessed: 19/10/2011},
  url = {\url{https://www.oireachtas.ie/viewdoc.asp?fn=/documents/Committees30thDail/PAC/Reports/DocumentsReGruarantee/document6.pdf}},
  day = {25}
}

@ELECTRONIC{Oireachtas_26_09_2008,
  author = {{House of the Oireachtas}},
  month = {September},
  year = {2008},
  title = {Transcript of handwritten note of meeting with Minister, Merrill
  Lynch, Central Bank, Financial Regulator and Department of Finance},
  note = {Date Accessed: 19/10/2011},
  url = {\url{https://www.oireachtas.ie/viewdoc.asp?fn=/documents/Committees30thDail/PAC/Reports/DocumentsReGruarantee/document5.pdf}},
  day = {26}
}

@ELECTRONIC{Oireachtas_30_09_2008,
  author = {{House of the Oireachtas}},
  month = {September},
  year = {2008},
  title = {Government Decision to Safeguard the Irish Banking System, Speaking
  points for the Taoiseach, 30 September, 2008},
  note = {Date Accessed: 18/10/2011},
  url = {\url{https://www.oireachtas.ie/documents/committees30thdail/pac/reports/documentsregruarantee/document2.pdf}},
  day = {30}
}

@ELECTRONIC{Oireachtas_Merrill_Email,
  author = {{House of the Oireachtas}},
  month = {September},
  year = {2008},
  title = {E-mail from Merrill Lynch to Department with attached Memorandum
  examining various options},
  note = {Date Accessed: 19/10/2011},
  url = {\url{https://www.oireachtas.ie/viewdoc.asp?fn=/documents/Committees30thDail/PAC/Reports/DocumentsReGruarantee/document3.pdf}},
  day = {29}
}

@ELECTRONIC{Oireachtas_Merrill_Presentation,
  author = {{House of the Oireachtas}},
  month = {September},
  year = {2008},
  title = {Presentation by Merrill Lynch},
  note = {Date Accessed: 19/10/2011},
  url = {\url{https://www.oireachtas.ie/viewdoc.asp?fn=/documents/Committees30thDail/PAC/Reports/DocumentsReGruarantee/document4.pdf}},
  day = {26}
}

@ELECTRONIC{Oirechtas_24_01_2008,
  author = {{House of the Oireachtas}},
  month = {January},
  year = {2008},
  title = {Financial Issues--Scoping paper 24/01/2008},
  note = {Date Accessed: 18/10/2011},
  url = {\url{https://www.oireachtas.ie/documents/committees30thdail/pac/reports/documentsregruarantee/document37.pdf}},
  day = {24}
}

@ELECTRONIC{Oirechtas_8_02_2008,
  author = {{House of the Oireachtas}},
  month = {February},
  year = {2008},
  title = {Department's Powerpoint presentation re Overview of Financial Stability Resolution issues},
  note = {Date Accessed: 3/1/2011},
  url = {\url{https://www.oireachtas.ie/documents/committees30thdail/pac/reports/documentsregruarantee/document36.pdf}},
  day = {8}
}

@MISC{RTE2010,
    title = {Freefall},
    year = {2010},
    author = {RT\'{E}},
    note = {Aired on Raidi\'{o} Teilifis \'{E}ireann on 6/9/2010}
}

@ARTICLE{Hsuetal2005,
  author = {Ming Hsu and Meghana Bhatt and Ralph Adolphs and Daniel Tranel and
  Colin Camerer},
  title = {Neural Systems of Responding to Degrees of Uncertainty in Human Decision-Making},
  journal = {Science},
  year = {2005},
  volume = {310},
  pages = {1680-1683},
  date-added = {2009-06-14 18:14:13 +0100},
  date-modified = {2009-06-14 18:18:26 +0100}
}

@article{Huber2012,
author = {Huber, John D},
title = {{Measuring Ethnic Voting: Do Proportional Electoral Laws Politicize Ethnicity}},
journal = {American Journal of Political Science},
volume = {56},
number = {4},
pages = {986--1001}
}



@ARTICLE{Huber2004,
  author = {John D. Huber and Nolan McCarty},
  title = {Bureaucratic Capacity, Delegation, and Political Reform},
  journal = {The American Journal of Political Science},
  year = {2004},
  volume = {98},
  pages = {481-494},
  number = {3},
  owner = {c.gandrud},
  timestamp = {2010.05.17}
}

@BOOK{Huber2002,
  title = {Deliberate Discretion: The Institutional Foundations of Bureaucratic
  Autonomy},
  publisher = {Cambridge University Press},
  year = {2002},
  author = {John D. Huber and Charles R. Shipan},
  address = {Cambridge},
  owner = {Gandrud},
  timestamp = {2010.01.11}
}

@ARTICLE{heutteletal2006,
  author = {Scott A. Huettel and C. Jill Stowe and Evan M. Gordon and Brent T.
  Warner and Michael L. Platt},
  title = {Neural Signatures of Economic Preferences for Risk and Ambiguity},
  journal = {Neuron},
  year = {2006},
  volume = {49},
  pages = {765-775}
}

@ELECTRONIC{ICRG2009,
  author = {ICRG},
  year = {2009},
  title = {The International Country Risk Guide Researcher's Dataset},
  language = {English},
  howpublished = {LSE Data Library},
  organization = {International Country Risk Guide},
  owner = {c.gandrud},
  timestamp = {2010.05.17}
}

@BOOK{IDB2004,
  title = {Unlocking Credit: The Quest for Deep and Stable Bank Lending},
  publisher = {Inter-American Development Bank},
  year = {2004},
  author = {IDB},
  address = {Washington, DC},
  owner = {christophergandrud},
  timestamp = {2011.05.01}
}

@ELECTRONIC{Ireland_FSAP_2006,
  author = {IMF},
  month = {August},
  year = {2006},
  title = {Ireland: Financial System Stability Assessment Update},
  note = {Date Accessed: 21/10/2011},
  url = {\url{https://www.imf.org/external/pubs/ft/scr/2006/cr06292.pdf}}
}

@article{Inglehart1988,
author = {Inglehart, Ronald},
title = {{The Renaissance of Political Culture}},
journal = {The American Political Science Review},
year = {1988},
volume = {82},
number = {4},
pages = {1203--1230}
}

@article{Inglehart2003,
author = {Inglehart, Ronald and Welzel, Christian},
title = {{Political Culture and Democracy; Analyzing Cross-Level Linkages}},
journal = {Comparative Politics},
year = {2003},
volume = {36},
number = {1},
pages = {61--79}
}

@BOOK{Inglehart2005,
    title = {Modernization, Cultural Change and Democracy},
    author = {Inglehart, Ronald and Welzel, Christian},
    year = {2005},
    publisher = {Cambridge University Press},
    address = {Cambridge}
}

@article{Inglehart2010,
author = {Inglehart, Ronald and Welzel, Christian},
title = {{Changing Mass Priorities: The Link between Modernization and Democracy}},
journal = {Perspectives on Politics},
year = {2010},
volume = {8},
number = {02},
pages = {551--567}
}

@TECHREPORT{Ingves2004,
  author = {Stefan Ingves and Steven A. Seelig and Dong Heath},
  title = {Issues in the Establishment of Asset Management Companies},
  institution = {International Monetary Fund},
  year = {2004},
  type = {Policy Discussion Paper},
  number = {04/03},
  owner = {christophergandrud},
  timestamp = {2011.05.16}
}

@ELECTRONIC{Insattningsgarantin2010,
  author = {Ins\"{a}ttningsgarantin},
  month = {March},
  year = {2010},
  title = {Organisation},
  language = {English},
  howpublished = {Website},
  organization = {Riksg'\"{a}lden},
  address = {Stokholm},
  note = {Date Accessed: 17 August 2010},
  url = {\url{https://www.insattningsgarantin.se/en/Om-verksamheten/Relation-till-riksgalden/}},
  owner = {christophergandrud},
  timestamp = {2010.08.17}
}

@TECHREPORT{fsi2008,
  author = {Financial Stability Institute},
  title = {2008 FSI Survey on the Implementation of the new capital adequacy
  framework in non-Basel Committee member Countries: Summary responses
  the the Basel II implementation survey},
  institution = {Bank for International Settlements},
  year = {2008},
  address = {Basel, Switzerland},
  month = {August}
}

@INCOLLECTION{Ikenberry1990,
    title = {The International Spread of Privatization PoliciesL Inducements, Learning, and Policy Bandwagoning},
    author = {J. Ikenberry},
    year = {1990},
    booktitle = {The Political Economy of Public Sector Reform and Privatization},
    editor = {E. Suleiman and J. Waterbury},
    publisher = {Westview Press},
    address = {London},
    pages = {88-110}
}

@ELECTRONIC{IMFDOT,
  author = {{International Monetary Fund}},
  year = {2010},
  title = {Direction of Trade Statistics},
  language = {English},
  howpublished = {web database},
  organization = {{International Monetary Fund}},
  address = {Washington, DC},
  url = {https://www2.imfstatistics.org/DOT/},
  owner = {christophergandrud},
  timestamp = {2010.11.09}
}

@TECHREPORT{IMFIreland2003,
    author = {{International Monetary Fund}},
    title = {Ireland: 2003 Article IV Consultation Report},
    number = {03/242},
    year = {2003}
}

@TECHREPORT{IMFIreland2006,
    author = {{International Monetary Fund}},
    title = {Ireland: Financial System Stability Assessment},
    number = {06/292},
    year = {2006}
}

@ELECTRONIC{IrishMoF20_2008,
  author = {{Irish Department of Finance}},
  month = {September},
  year = {2008},
  title = {Government Increases Deposit Guarantee Limit to \euro100,000 per
  depositor},
  note = {Date Accessed: 18/10/2011},
  url = {\url{https://www.finance.gov.ie/viewdoc.asp?DocID=5466$\&$CatID=1$\&$StartDate=01+January+2008}},
  day = {20}
}

@ELECTRONIC{IrishMoF30_2008,
  author = {{Irish Department of Finance}},
  month = {September},
  year = {2008},
  title = {Government Decision to Safeguard Banking System},
  note = {Date Accessed: 18/10/2011},
  url = {\url{https://www.finance.gov.ie/viewdoc.asp?DocID=5475$\&$CatID=1$\&$StartDate=01+January+2008}},
  day = {30}
}

@ARTICLE{Ito2008,
  author = {Hiro Ito and Menzie Chinn},
  title = {A New Measure of Financial Openness},
  journal = {Journal of Comparative Policy Analysis},
  year = {2008},
  volume = {10},
  pages = {309-322},
  number = {3},
  owner = {christophergandrud},
  timestamp = {2011.04.26}
}

@ARTICLE{Jackson2011,
  author = {Christopher H. Jackson},
  title = {Multi-state Models for Panel Data: The msm Package for R},
  journal = {Journal of Statistical Software},
  year = {2011},
  volume = {38},
  number = {8},
  owner = {christophergandrud},
  timestamp = {2011.02.02}
}

@ARTICLE{Jacobs2008,
  author = {Alan Jacobs},
  title = {How Do Ideas Matter?: Mental Models and Attention in German Pension
  Politics},
  journal = {Comparative Political Studies},
  year = {2008},
  volume = {42},
  pages = {252--279},
  number = {2},
  month = oct
}

@article{Jacome2005,
author = {J{\'a}come, Luis I. and V{\'a}zquez, Francisco},
title = {{Any Link Between Legal Central Bank Independence and Inflation? Evidence from Latin America and the Caribbean}},
journal = {IMF Working Paper},
year = {2005},
month = apr
}

@TECHREPORT{Jaumotte2010,
author = {Jaumotte, Florence and Sodsriwiboon, Piyaporn},
title = {{Current Account Imbalances in the Southern Euro Area}},
institution = {IMF},
number = {WP/10/139},
type = {Working Paper},
note = {\url{https://www.imf.org/external/pubs/ft/wp/2010/wp10139.pdf}},
year = {2010},
month = jun
}

@ARTICLE{Jensen2009,
  author = {Carsten Jensen},
  title = {Policy Punctuations in Mature Welfare States},
  journal = {Journal of Public Policy},
  year = {2009},
  volume = {29},
  pages = {287-303},
  number = {3},
  owner = {christophergandrud},
  timestamp = {2010.09.15}
}

@PERIODICAL{johnsonaboulian2009,
  title = {Convergence Strategy Under Threat},
  year = {2009},
  volume = {March 16},
  author = {S. Johnson and B. Aboulian},
  date-added = {2009-07-14 14:58:46 +0100},
  date-modified = {2009-07-14 15:00:42 +0100},
  journal = {The Financial Times}
}

@ARTICLE{Jones1999,
  author = {Bryan D. Jones},
  title = {Bounded Rationality},
  journal = {Annual Review of Political Science},
  year = {1999},
  volume = {2},
  pages = {297-321}
}

@ARTICLE{Jones2009,
  author = {Bryan D. Jones and Frank R Baumgartner and Chrstian Breunig and Christopher
  Wiezien and Stuart Soroka and Martial Foucault and Abel Fran\c{c}ois
  and Christoffer {Green-Pedersen} and Chris Koski and Peter John and
  Peter B. Mortensen and Fr\'{e}d\'{e}ric Varone and Stefaan Walgrave},
  title = {A General Empirical Law of Public Budgets: A Comparative Analysis},
  journal = {American Journal of Political Science},
  year = {2009},
  volume = {53},
  pages = {855-873},
  number = {4},
  owner = {christophergandrud},
  timestamp = {2010.09.14}
}

@ARTICLE{Jones2005,
  author = {Bradford S. Jones and Regina P. Branton},
  title = {Beyond Logit and Probit: Cox Duration Models of Single, Repeating,
  and Competing Events for State Policy Adoption},
  journal = {State Politics {\&} Policy Quarterly},
  year = {2005},
  volume = {5},
  pages = {420--443},
  number = {4},
  month = dec
}

@MISC{jones2008,
  author = {Jones, Erik},
  title = {They Have No Idea \ldots Decision-making and Policy Change in the
  2007-2008 Financial Crisis},
  howpublished = {Working paper presented at the London School of Economics},
  month = {11 December 2008},
  year = {2008},
  date-modified = {2009-07-07 09:26:08 +0100}
}

@ARTICLE{Jordana2005,
  author = {Jacint Jordana and David {Levi-Faur}},
  title = {The Diffusion of Regulatory Capitalism in Latin America: Sectoral
  and National Channels in the Making of a New Order},
  journal = {The ANNALS of the American Academy of Political and Social Science},
  year = {2005},
  volume = {598},
  pages = {102--124},
  number = {1},
  month = mar
}

@UNPUBLISHED{Jordana2011,
  author = {Jacint Jordana and Guillermo Rosas},
  title = {Financial Governance, Banking Crises, and the Institutional Varieties
  of Regulation},
  month = apr,
  year = {2011}
}

@BOOK{jorion2002,
  title = {Value at Risk: The New Benchmark for Managing Financial Risk},
  publisher = {McGraw-Hill},
  year = {2002},
  author = {P. Jorion},
  address = {London},
  date-added = {2009-07-14 14:40:10 +0100},
  date-modified = {2009-07-14 14:41:22 +0100}
}

@BOOK{Kahnemanetal1982,
    title = {Judgement Under Uncertainty: Heuristics and Biases},
    author = {Daniel Kahneman and Paul Slovic and Amos Tversky},
    year = {1982},
    publisher = {Cambridge University Press},
    address = {Cambridge}
}

@ARTICLE{kahneman2003,
  author = {D. Kahneman},
  title = {Maps of Bounded Rationality: Psychology for behavioral economics},
  journal = {The American Economic Review},
  year = {2003},
  volume = {93},
  pages = {1449-1475},
  number = {5}
}

@ARTICLE{Kang2003,
  author = {Chungwon Kang},
  title = {From the Front Lines at Seoul Bank: Restructuring and Reprivatization},
  journal = {IMF Working Papers},
  year = {2003},
  pages = {1-39},
  month = dec
}

@article{KangAsia2003,
author = {Kang, David C.},
title = {{Getting Asia Wrong: The Need for New Analytical Frameworks}},
journal = {International Security},
year = {2003},
volume = {27},
number = {4},
pages = {57--85}
}

@article{Kang2004,
author = {Kang, David C.},
title = {{Hierarchy, Balancing, and Empirical Puzzles in Asian International Relations}},
journal = {International Security},
year = {2004},
volume = {28},
number = {3},
pages = {165--180}
}

@article{Kang2005,
author = {Kang, David C.},
title = {{Hierarchy in Asian International Relations: 1300-1900}},
journal = {Asian Security},
year = {2005},
volume = {1},
number = {1},
pages = {53--79}
}

@ARTICLE{Katzensteinetal1998,
  author = {Peter Katzenstein and Robert Keohane and S. Krasner},
  title = {{\emph{International Organization}} and the Study of World Politics},
  journal = {International Organization},
  year = {1998},
  volume = {52},
  pages = {645-685},
  number = {4}
}

@ARTICLE{Kaufman1994,
  author = {George G. Kaufman},
  title = {Bank Contagion: A Review of the Theory and Evidence},
  journal = {Journal of Financial Services Research},
  year = {1994},
  volume = {8},
  pages = {123-150},
  number = {2},
  owner = {christophergandrud},
  timestamp = {2010.06.08}
}

@TECHREPORT{Kaufmann2002,
  author = {Daniel Kaufmann and Aart Kraay and Pablo Zoido-Lobat\'on},
  title = {Governance Matters II: Updated Indicators for 2000/2001},
  institution = {World Bank},
  year = {2002},
  type = {Policy Research Working Paper},
  number = {2772},
  address = {Washington, DC},
  month = {February},
  owner = {christophergandrud},
  timestamp = {2010.06.03}
}

@ARTICLE{Keefer2007,
  author = {Philip Keefer},
  title = {Elections, Special Interests, and Financial Crisis},
  journal = {International Organization},
  year = {2007},
  volume = {61},
  pages = {607-641},
  number = {3},
  owner = {christophergandrud},
  timestamp = {2011.05.05}
}

@article{Keefer2011,
author = {Keefer, Philip and Neumayer, Eric and Pl{\"u}mper, Thomas},
title = {{Earthquake Propensity and the Politics of Mortality Prevention}},
journal = {World Development},
year = {2011},
volume = {39},
number = {9},
pages = {1530--1541}
}

@ARTICLE{keeferstasavage2003,
  author = {Philip Keefer and David Stasavage},
  title = {The Limits of Delegation: Veto Players, Central Bank Independence
  and the Credibility of Monetary Policy},
  journal = {American Political Science Review},
  year = {2003},
  volume = {97},
  pages = {407-423},
  number = {3},
  date-added = {2009-10-20 16:58:09 +0100},
  date-modified = {2009-10-20 17:03:16 +0100}
}

@ARTICLE{Keefer2001,
  author = {Philip Keefer and David Stasavage},
  title = {{Bureaucratic Delegation and Political Institutions: When are Independent
  Central Banks Irrelevant}},
  journal = {Wold Bank Policy Research Working Papers},
  year = {2001},
  volume = {235},
  month = aug
}

@ARTICLE{Kelly2009,
  author = {M. Kelly},
  title = {The Irish Credit Bubble},
  journal = {UCD Centre for Economic Research Working Paper Series},
  year = {2009},
  number = {WP09/32}
}

@BOOK{keynes1921,
  title = {A Treatise on Probability},
  publisher = {Macmillan},
  year = {1921},
  author = {John Maynard Keynes},
  address = {London}
}

@BOOK{keynes1936,
    title = {The General Theory of Employment, Interest, and Money},
    author = {John Maynard Keynes},
    publisher = {Harcourt Brace},
    address = {New York},
    year = {1936}
}

@INCOLLECTION{Kim2003,
  chapter = {The Politics of Chaebol Reform, 1980-1997},
  pages = {53-78},
  booktitle = {Economic Crisis and Corporate Restructuring in Korea: Reforming the
  Chaebol},
  publisher = {Cambridge University Press},
  year = {2003},
  editor = {Stephan Haggard and Won Hyuk Lim and Euysung Lim},
  author = {Byung Kook Kim},
  address = {Campridge},
  owner = {christophergandrud},
  timestamp = {2011.02.23}
}

@INCOLLECTION{Kim1999,
  chapter = {Bank Restructuring in Korea},
  pages = {143-163},
  booktitle = {Bank Restructuring in Practice},
  publisher = {Bank of International Settlements},
  year = {1999},
  author = {Dookyung Kim},
  number = {6},
  series = {BIS Policy Papers},
  address = {Basel},
  owner = {christophergandrud},
  timestamp = {2011.01.05}
}

@ARTICLE{Kim2002,
  author = {Dong Won Kim and Young Soo Lee and Kyung Suh Park},
  title = {Credit Crunch and Shocks to Firms: Korean Experience Under the Asian
  Financial Crisis},
  journal = {Emerging Markets Review},
  year = {2002},
  volume = {3},
  pages = {195--210},
  month = may
}

@BOOK{Kim2005,
  title = {Crisis and Change: South Korea in a Post-1997 New Era},
  publisher = {Ewha Womans University Press},
  year = {2005},
  author = {Jasper Kim},
  address = {Seoul},
  owner = {christophergandrud},
  timestamp = {2011.02.22}
}

@article{KimAsianValues2010,
author = {Kim, So Young},
title = {{Do Asian Values Exist? Empirical Tests of the Four Dimensions of Asian Values}},
journal = {Journal of East Asian Studies},
year = {2010},
volume = {10},
pages = {315--344}
}

@Manual{knitr2012,
  title = {knitr: A general-purpose package for dynamic report generation in R},
  author = {Yihui Xie},
  year = {2012},
  note = {R package version 0.5},
  url = {\url{https://CRAN.R-project.org/package=knitr}}
}

@BOOK{Shin2004,
  title = {Economic Crisis and Dual Transition in Korea: A Case Study in Comparative
  Perspective},
  publisher = {Seoul National University Press},
  year = {2004},
  author = {Sunhyuk Kim and Dohl Chull Shin},
  address = {Seoul},
  owner = {c.gandrud},
  timestamp = {2010.04.21}
}

@ARTICLE{King2001,
  author = {Gary King and James Honaker and Anne Joseph and Kenneth Scheve},
  title = {Analyzing Incomplete Political Science Data: An Alternative Algorithm
  for Multiple Imputation},
  journal = {American Political Science Review},
  year = {2001},
  volume = {95},
  pages = {49-69},
  number = {1},
  owner = {christophergandrud},
  timestamp = {2010.07.09}
}

@article{KingRareEvents2001,
author = {King, Gary and Zeng, Langche},
title = {{Explaining Rare Events in International Relations}},
journal = {International Organization},
year = {2001},
volume = {55},
number = {3},
pages = {693--715}
}

@article{KingRareEventsPA2001,
author = {King, Gary and Zeng, Langche},
title = {{Logistic Regression in Rare Events Data}},
journal = {Political Analysis},
year = {2001},
volume = {9},
pages = {137--163}
}

@BOOK{king1994,
  title = {Designing Social Inquiry},
  publisher = {Princeton University Press},
  year = {1994},
  author = {King, G. and Keohane, Robert and Verba, S.},
  address = {Princeton}
}

@article{King1995,
author = {King, Gary},
title = {{Replication, Replication}},
journal = {PS: Political Science and Politics},
year = {1995},
volume = {28},
number = {3},
pages = {444--452}
}

@article{King2000,
author = {King, Gary and Tomz, Michael and Wittenberg, Jason},
title = {{Making the Most of Statistical Analyses: Improving Interpretation and Presentation}},
journal = {American Journal of Political Science},
year = {2000},
volume = {44},
number = {2},
pages = {347--361}
}

@ARTICLE{King2002,
  author = {Gary King and Langche Zeng},
  title = {Estimating Risk and Rate Levels, Ratios and Differenes in Case-Control
  Studies},
  journal = {Statistics in Medicine},
  year = {2002},
  volume = {21},
  pages = {1409-1427}
}

@article{IMAIKingZelig2008,
author = {Imai Kosuke and King, Gary and Lau, Olivia},
title = {{Toward A Common Framework for Statistical Analysis and Development}},
journal = {Journal of Computational and Graphical Statistics},
year = {2008},
volume = {17},
number = {4},
pages = {1--22}
}

@BOOK{Kirk1999,
  title = {Korean Crisis: Unraveling of the Miracle in the IMF Era},
  publisher = {St. Martin's Press},
  year = {1999},
  author = {Donald Kirk},
  address = {New York},
  owner = {christophergandrud},
  timestamp = {2011.01.26}
}

@BOOK{knight1921,
  title = {Risk, Uncertainty, and Profit},
  publisher = {Sentry Press},
  year = {1921},
  author = {Frank Knight},
  address = {New York},
  date-added = {2009-07-07 14:47:59 +0100},
  date-modified = {2009-07-07 14:49:59 +0100}
}

@TECHREPORT{Kopis1998,
  author = {George Kopis and Jon Craig},
  title = {Transparency in Government Operations},
  institution = {International Monetary Fund},
  year = {1998},
  type = {Occassional Papers},
  number = {158},
  owner = {christophergandrud},
  timestamp = {2011.05.17}
}

@INCOLLECTION{Kroszenor2001,
  chapter = {Obsticals to Optimal Policy: The Interplay of Politics and Economics
  in Shaping Bank Supervision and Regulation Reforms},
  pages = {233-273},
  booktitle = {Prudential Supervision: What Works and What Doesn't},
  publisher = {University of Chicago Press},
  year = {2001},
  editor = {R. Mishkin},
  author = {R. Kroszenor and P. Strahan},
  owner = {christophergandrud},
  timestamp = {2010.11.09}
}

@article{Krugman1992,
author = {Krugman, Paul},
title = {{Does the New Trade Theory Require a New Trade Policy? }},
journal = {The World Economy},
year = {1992},
volume = {15},
number = {4},
pages = {423--442}
}

@article{Krugman1995,
author = {Krugman, Paul},
title = {{Cycles of Conventional Wisdom on Economic Development}},
journal = {International Affairs},
volume = {71},
number = {4},
pages = {717-732}
}

@ARTICLE{Kwack1998,
  author = {Sung Yeung Kwack},
  title = {Factors Contributing to the Financial Crisis in Korea},
  journal = {Journal of Asian Economics},
  year = {1998},
  volume = {9},
  pages = {611-625},
  number = {4}
}

@article{Kydd2003,
author = {Kydd, Andrew},
title = {{Which Side Are You On?: Bias, Credibility, and Mediation}},
journal = {American Journal of Political Science},
year = {2003},
volume = {47},
number = {4},
pages = {597--611}
}

@ARTICLE{kydlandprescott1977,
  author = {Finn E. Kydland and Edward C. Prescott},
  title = {Rules Rather than Discretion: The inconsistency of optimal plans},
  journal = {Journal of Political Economy},
  year = {1977},
  volume = {85},
  pages = {473-491},
  number = {3},
  date-added = {2009-07-05 09:56:14 +0100},
  date-modified = {2009-07-05 09:58:19 +0100}
}

@ARTICLE{Laeven2002,
  author = {Luc Laeven},
  title = {Bank Risk and Depost Insurance},
  journal = {World Bank Economic Review},
  year = {2002},
  volume = {2002},
  pages = {109-137},
  owner = {christophergandrud},
  timestamp = {2010.06.01}
}

@ARTICLE{Laeven2007,
  author = {Luc Laeven and Ross Levine},
  title = {Is There a Diversification Discount in Financial Conglomerates?},
  journal = {Journal of Financial Economics},
  year = {2007},
  volume = {85},
  pages = {331-367},
  owner = {christophergandrud},
  timestamp = {2011.01.18}
}

@article{Laeven2008,
author = {Laeven, Luc and Valencia, Fabi{\'a}n},
title = {{Systemic Banking Crisis: A New Database}},
journal = {IMF Working Paper},
year = {2008},
month = nov
}

@MISC{Laeven2010,
  author = {Luc Laeven and Fabian Valencia},
  title = {Resolution of Banking Crises: The Good, the Bad, and the Ugly},
  howpublished = {IMF Working Paper 10/146},
  month = {June},
  year = {2010},
  owner = {christophergandrud},
  timestamp = {2011.02.09}
}

@ELECTRONIC{Laeven2008,
  author = {Luc Laeven and Fabian Valencia},
  month = {November},
  year = {2008},
  title = {Systemic Banking Crisis: A New Database},
  language = {English},
  howpublished = {pdf, Excel},
  organization = {International Monetary Fund},
  address = {Washington, DC},
  url = {\url{https://www.imf.org/external/pubs/ft/wp/2008/wp08224.pdf}},
  owner = {c.gandrud},
  timestamp = {2010.02.23}
}

@ARTICLE{Laeven2008a,
  author = {Luc Laeven and Fabian Valencia},
  title = {The Use of Blanket Guarantees in Banking Crises},
  journal = {IMF Working Papers},
  year = {2008},
  number = {WP/08/250}
}

@article{Lake1996,
author = {Lake, David A},
title = {{Anarchy, Hierarchy, and the Variety of International Relations}},
journal = {International Organization},
year = {1996},
volume = {50},
number = {1},
pages = {1--33}
}

@article{Laitin2004,
author = {Laitin, David D},
title = {{Ethnic Unmixing and Civil War}},
journal = {Security Studies},
year = {2004},
volume = {13},
number = {4},
pages = {350--365}
}

@ARTICLE{Lane1999,
  author = {Timothy Lane and Atish Ghosh and Javier Hamann and Steven Phillips
  and Marianne {Schulze-Ghattas} and Tsidi Tsikata},
  title = {IMF-Supported Programs in Indonesia, Korea, and Thailand},
  journal = {IMF Occasional Paper},
  year = {1999}
}

@ARTICLE{Lastra2003,
  author = {Rosa Lastra},
  title = {The Governance Structure for Financial Supervision and Regulation
  in Europe},
  journal = {Columbia Journal of European Law},
  year = {2003},
  volume = {10},
  pages = {49-68},
  number = {1},
  owner = {christophergandrud},
  timestamp = {2010.10.05}
}

@BOOK{Lastra1996,
  title = {Central Banking and Banking Regulation},
  publisher = {The Financial Markets Group},
  year = {1996},
  author = {Rosa Mar\'{i}a Lastra},
  address = {London},
  owner = {Gandrud},
  timestamp = {2009.11.05}
}

@ARTICLE{Latouche2007,
  author = {A. Latouche and J. Beyersmann and J.P. Fine},
  title = {Comments on `Analyzing and interpreting competing risk data'},
  journal = {Statistics in Medicine},
  year = {2007},
  volume = {26},
  pages = {3676-3680},
  owner = {christophergandrud},
  timestamp = {2010.06.25}
}

@ARTICLE{Lee2006,
  author = {Chang Kil Lee and David Strang},
  title = {The International Diffusion of Public-Sector Downsizing: Network
  Emulation and Theory-Driven Learning},
  journal = {International Organization},
  year = {2006},
  volume = {60},
  pages = {883-909},
  owner = {christophergandrud},
  timestamp = {2010.09.23}
}

@article{Lee2008,
author = {Lee, Jong Wha and Shin, Kwanho},
title = {{IMF Bailouts and Moral Hazard}},
journal = {Journal of International Money and Finance},
year = {2008},
volume = {27},
pages = {816--830}
}

@INCOLLECTION{Lee2003,
  chapter = {Lessons from the Korean Financial Crisis},
  pages = {11-21},
  booktitle = {The Korean Economy: Post-Crisis Policies, Issues, and Prospects},
  publisher = {Edward Elgar},
  year = {2003},
  editor = {Charles Harvie and Hyun Hoon Lee and Junggun Oh},
  author = {Jong=Wha Lee},
  address = {Cheltenham, UK},
  owner = {christophergandrud},
  timestamp = {2011.02.23}
}

@BOOK{Lee2011,
  title = {The Korean Financial Crisis of 1997},
  publisher = {World Bank},
  year = {2011},
  author = {Kyu-sung Lee},
  address = {Washington, DC}
}

@article{Lee2010,
author = {Lee, Taedong},
title = {{The Rise of International Nongovernmental Organizations: A Top-Down or Bottom-Up Explanation?}},
journal = {VOLUNTAS: International Journal of Voluntary and Nonprofit Organizations},
year = {2010},
volume = {21},
number = {3},
pages = {393--416}
}

@article{LeeTerrorist2011,
author = {Lee, Alexander},
title = {{Who Becomes a Terrorist?: Poverty, Education, and the Origins of Political Violence}},
journal = {World Politics},
year = {2011},
volume = {63},
number = {02},
pages = {203--245},
month = apr
}


@ARTICLE{Lee2006a,
  author = {Young Lee and Changyong Rhee and Taeyoon Sung},
  title = {Fiscal Policy in Korea: Before and After the Financial Crisis},
  journal = {International Tax and Public Finance},
  year = {2006},
  volume = {13}
}

@inproceedings{Leisch2002,
  author = {Friedrich Leisch},
  title = {Sweave: Dynamic Generation of Statistical Reports Using
      Literate Data Analysis},
  booktitle = {Compstat 2002 --- Proceedings in Computational
      Statistics},
  pages = {575--580},
  year = 2002,
  editor = {Wolfgang H{\"a}rdle and Bernd R{\"o}nz},
  publisher = {Physica Verlag, Heidelberg},
  note = {ISBN 3-7908-1517-9},
  url = {https://www.stat.uni-muenchen.de/~leisch/Sweave}
}

@MISC{Lewis2011,
author = {Lewis, Michael},
title = {{When Irish Eyes Are Crying}},
howpublished = {Vanity Fair},
year = {2011},
month = mar,
note = {\url{https://www.vanityfair.com/business/features/2011/03/michael-lewis-ireland-201103}}
}

@ARTICLE{lieberman2005,
  author = {Evan S. Lieberman},
  title = {Nested Analysis as a Mixed-Method Strategy for Comparative Research},
  journal = {American Political Science Review},
  year = {2005},
  volume = {99},
  pages = {435-452},
  number = {3},
  date-added = {2009-07-18 15:34:36 +0100},
  date-modified = {2009-07-18 15:36:06 +0100}
}

@ARTICLE{lieberman2002,
  author = {Lieberman, Robert C.},
  title = {Ideas, Institutions, and Political Order: Explaining Political Change},
  journal = {American Political Science Review},
  year = {2002},
  volume = {96},
  pages = {697-712},
  number = {4}
}

@BOOK{Lijphart1977,
    title = {Democracy in Plural Societies},
    author = {Arend Lijphart},
    publisher = {Yale University Press},
    address = {New Haven},
    year = {1977}
}

@BOOK{Lijphart1984,
    title = {Democracies: Patterns of Majoritarian and Consensus Government},
    author = {Arend Lijphart},
    publisher = {Yale University Press},
    address = {New Haven},
    year = {1984}
}

@article{Lijphart1991,
author = {Lijphart, Arend},
title = {{Constitutional Choices for New Democracies}},
journal = {Journal of Democracy},
year = {1991},
volume = {2},
number = {1},
pages = {72--84}
}

@BOOK{Lijphart1994,
    author = {Lijphart, Arend},
    title = {Electoral Systems and Party Systems: A Study of Twenty-Seven Democracies},
    year = {1994},
    address = {Oxford},
    publisher = {Oxford University Press}
}

@BOOK{lijphart1999,
  title = {Patterns of Democracy: Government Forms and Performance in Thirty-Six
  Countries},
  publisher = {Yale University Press},
  year = {1999},
  author = {Arend Lijphart},
  address = {New Haven},
  owner = {Gandrud},
  timestamp = {2009.10.31}
}

@ARTICLE{Lijphart1971,
  author = {Arend Lijphart},
  title = {Comparative Politics and the Comparative Method},
  year = {1971},
  volume = {65},
  publisher = {The American Political Science Review}
}

@article{Lijphart2003,
author = {Lijphart, Arend},
title = {{DEBATE: Measurement Validity and Institutional Endineering--Reflections on Rein Taagepera's Meta-Study}},
journal = {Political Studies},
year = {2003},
volume = {51},
pages = {20--25}
}

@article{Lijphart2004,
author = {Lijphart, Arend},
title = {{Constitutional Design for Divided Societies}},
journal = {Journal of Democracy},
year = {2004},
volume = {15},
number = {2},
pages = {96--109}
}

@ARTICLE{Lindblom1979,
  author = {Charles Lindblom},
  title = {Still Muddling, Not Yet Through},
  journal = {Public Administration Review},
  year = {1979},
  volume = {39},
  pages = {517-526},
  number = {6},
  owner = {christophergandrud},
  timestamp = {2010.09.16}
}

@ARTICLE{Lindblom1959,
  author = {Charles E. Lindblom},
  title = {The Science of `Muddling Through"},
  journal = {Public Administration Review},
  year = {1959},
  volume = {19},
  pages = {79-88},
  number = {2},
  owner = {christophergandrud},
  timestamp = {2010.09.16}
}

@BOOK{linden2007,
  title = {The Accidental Mind: How Brain Evolution has Given Us Love, Memory,
  Dreams and God},
  publisher = {The Belknap Press},
  year = {2007},
  author = {David J. Linden},
  address = {Cambridge, MA},
  date-added = {2009-08-13 11:13:51 +0100},
  date-modified = {2009-08-13 11:16:23 +0100}
}

@TECHREPORT{Lindgren1999,
  author = {Carl-Johan Lindgren and Toma\'{a}s J.T. Bali\~{n}o and Charles Enoch
  and Anne-Marie Gulde and Marc Quintyn and Leslie Teo},
  title = {Financial Sector Crisis and Restructuring: Lessons from Asia},
  institution = {International Monetary Fund},
  year = {1999},
  type = {Occassional Paper},
  number = {188},
  owner = {christophergandrud},
  timestamp = {2011.05.16}
}

@ARTICLE{Linos2011,
  author = {Katerina Linos},
  title = {Diffusion through Democracy},
  journal = {American Journal of Political Science},
  year = {2011},
  volume = {55},
  pages = {678-695},
  number = {3},
  month = apr
}

@MISC{list2006,
  author = {List, Christian and Luskin, Robert C. and Fishkin, James S. and McLean,
  Iain},
  title = {Deliberation, Single-Peakedness, and the Possible of Meaningful Democracy:
  Evidence from Deliberative Polls},
  year = {2006},
  publisher = {London School of Economics}
}

@article{Lo2012,
author = {Lo, Andrew W},
title = {{Reading About the Financial Crisis: A 21-Book Review}},
journal = {Journal of Economic Literature},
year = {2012}
}

@ARTICLE{Lohmann1998,
  author = {Lohmann, Suzanne},
  title = {An Information Rationale for the Power of Special Interests},
  journal = {The American Political Science Review},
  year = {1998},
  volume = {92},
  pages = {809--827},
  number = {4},
  month = dec
}

@article{Lumley1999,
author = {Lumley, Thomas and Heagerty, Patrick},
title = {{Weighted Empirical Adaptive Variance Estimators for Correlated Data Regression}},
journal = {Journal of the Royal Statistical Society Society B},
year = {1999},
volume = {61},
number = {2},
pages = {459--477}
}
@ARTICLE{Lupia1998,
  author = {Arthur Lupia and Mathew D. McCcubbins},
  title = {The Democratic Dilemma : Can Citizens Learn What They Need to Know?
  (Political Economy of Institutions and Decisions)},
  year = {1998},
  publisher = {Cambridge University Press}
}

@ARTICLE{Machina1987,
  author = {Machina, Mark J.},
  title = {Choice Under Uncertainty: Problems Solved and Unsolved},
  journal = {The Journal of Economic Perspectives},
  year = {1987},
  volume = {1},
  pages = {121--154},
  number = {1}
}

@BOOK{Majone1989,
    title = {Evidence, Argument, and Persuasion: The Policy Process},
    author = {Giandomenico Majone},
    year = {1989},
    publisher = {Yale University Press},
    address = {New Haven}
}

@ARTICLE{Majone1997,
  author = {Giandomenico Majone},
  title = {From Positive to the Regulatory State: Causes and Consequences of
  Changes in the Mode of Governance},
  journal = {Journal of Public Policy},
  year = {1997},
  volume = {17},
  pages = {139-167},
  number = {2},
  owner = {christophergandrud},
  timestamp = {2010.09.20}
}

@ARTICLE{Majumdar2004,
  author = {Sumon Majumdar and Sharun Mukand},
  title = {Policy Gambles},
  journal = {The American Economic Review},
  year = {2004},
  volume = {94},
  pages = {1207--1222},
  number = {4}
}

@ARTICLE{Mansfield2007,
  author = {Edward D. Mansfield and Helen V . Milner and Jon C. Pevenhouse},
  title = {Vetoing Co-operation: The Impact of Veto Players on Preferential
  Trading Arrangements},
  journal = {British Journal of Political Science},
  year = {2007},
  volume = {37},
  pages = {403-432},
  number = {03},
  month = jun
}

@ARTICLE{Manson2003,
    title = {Estrogen Plus Progestin and the Risk of Coronary Heart Disease},
    author = {J.E. Manson and J. Hsia and K.C. Johnson and et al.},
    journal = {New England Journal of Medicine},
    year = {2003},
    volume = {349},
    issue = {6},
    pages = {523-534}
}

@BOOK{March1994,
  title = {A Primer on Decision Making: How Decisions Happen},
  publisher = {The Free Press},
  year = {1994},
  author = {James G. March},
  address = {New York}
}

@ARTICLE{March1978,
  author = {James G. March},
  title = {Bounded Rationality, Ambiguity, and the Engineering of Choice},
  journal = {The Bell Journal of Economics},
  year = {1978},
  volume = {9},
  pages = {587--608},
  number = {2},
  month = sep
}

@BOOK{March1993,
  title = {Organizations},
  publisher = {Blackwell},
  year = {1993},
  author = {James G. March and H.A. Simon},
  address = {Oxford},
  month = jul
}

@BOOK{markowitz1959,
  title = {Portfolio Selection: Efficient Diversification of Investments},
  publisher = {John Wiley \& Sons},
  year = {1959},
  author = {H.M. Markowitz},
  address = {New York},
  date-added = {2009-07-07 10:51:13 +0100},
  date-modified = {2009-07-07 10:53:02 +0100}
}

@article{Mainwaring:vm,
author = {Mainwaring, Scott and Shugart, Matthew S},
title = {{Juan Linz, Presidentialism, and Democracy: A Critical Appraisal}},
journal = {Comparative Politics},
volume = {29},
number = {4},
pages = {449--471}
}

@article{Mainwaring1997,
author = {Mainwaring, Scott and Shugart, Matthew S},
title = {{Juan Linz, Presidentialism, and Democracy: A Critical Appraisal}},
journal = {Comparative Politics},
year = {1997},
volume = {29},
number = {4},
pages = {449--471},
month = apr
}

@INCOLLECTION{Mainwaring2007,
  chapter = {Why Regions of the World Are Important: Regional Specificities and Region-Wide Diffusion of Democracy},
  author = {Mainwaring, S. and P{\'e}rez-Li{\~n}{\'a}n, A.},
  booktitle = {Regimes and democracy in Latin America: theories and methods},
  editor = {Gerardo Luis Munck},
  pages={199--230},
  year={2007},
  publisher={Oxford University Press},
  address = {Oxford}
}

@ARTICLE{Marsh2009,
  author = {David Marsh},
  title = {Keeping Ideas in their Place: In Praise of Thin Constructivism},
  journal = {Australian Journal of Political Science},
  year = {2009},
  volume = {44},
  pages = {679--696},
  number = {4},
  month = dec
}

@ELECTRONIC{Marshall2009,
  author = {Monty G. Marshall and Keith Jaggers},
  month = {February},
  year = {2009},
  title = {Polity IV Project: Dataset Users' Manual},
  howpublished = {electronic},
  note = {\url{https://www.systemicpeace.org/polity/polity4.htm}},
  organization = {Center for Systemic Peace},
  owner = {christophergandrud},
  timestamp = {2010.06.30}
}

@MISC{martin,
  author = {Adam Martin},
  title = {Mr. Knight Goes to New Orleans: Uncertainty in the Post-Katrina Big
  Easy},
  howpublished = {conditionally accepted to appear in 'The Political Economy of Hurricane
  Katrina and Community Rebound},
  bdsk-url-1 = {https://adamgmartin.com/Site/CV_%26_Research.html},
  date-added = {2009-07-14 15:14:34 +0100},
  date-modified = {2009-07-14 15:18:29 +0100}
}

@ARTICLE{Martinez2001,
  author = {Maria Solidad {Martinez Peria} and Sergio L. Schmukler},
  title = {Do Depositors Punish Banks for Bad Behavior? Market discipline, deposit
  insurance, and banking crises},
  journal = {The Journal of Finance},
  year = {2001},
  volume = {56},
  pages = {1029-1051},
  number = {3},
  publisher = {Wiley Online Library}
}

@ARTICLE{Masciandaro2006,
  author = {Donato Masciandaro},
  title = {E Pluribus Unum? Authorities' Design in Financial Supervision: Trends
  and Determinants},
  journal = {Open Economics Review},
  year = {2006},
  volume = {17},
  pages = {73-102},
  owner = {christophergandrud},
  timestamp = {2010.09.23}
}

@ARTICLE{Masciandaro2008a,
  author = {Donato Masciandaro and Marc Quintyn and Michael W. Taylor},
  title = {Inside and Outside the Central Bank: Independence and Accountability
  in Financial Supervision, Trends and Determinants},
  journal = {European Journal of Political Economy},
  year = {2008},
  volume = {24},
  pages = {833-848},
  owner = {christophergandrud},
  timestamp = {2010.08.23}
}

@inproceedings{Masciandaro2009,
author = {Masciandaro, Donato and Quintyn, Marc},
title = {{Regulating the Regulators: The Changing Dace of Financial Supervision Architectures Before and After the Crisis}},
booktitle = {The CEPR/ESI 13th Annual Conference on 'Financial Supervision in an Uncertain World'},
year = {2009},
publisher = {cepr.org},
url = {https://www.cepr.org/meets/wkcn/1/1724/papers/MasciandaroFinal.pdf},
month = September
}

@article{Masciandaro2011,
author = {Masciandaro, Donato and Panisini, Rosaria Vega and Quintyn, Marc},
title = {{The Economic Crisis: Did Financial Supervision Matter?}},
journal = {IMF Working Paper},
year = {2011},
month = nov
}

@BOOK{Mayhew1974,
  title = {Congress: The Electoral Connection},
  publisher = {Yale University Press},
  year = {1974},
  author = {David R. Mayhew},
  address = {New Haven},
  owner = {Gandrud},
  timestamp = {2009.10.31}
}

@BOOK{McCarty2007,
  title = {Political Game Theory: An Introduction},
  publisher = {Cambridge University Press},
  year = {2007},
  author = {Nolan McCarty and Adam Meirowitz},
  address = {Cambridge},
  owner = {christophergandrud},
  timestamp = {2011.05.25}
}

@ARTICLE{mccartypoolerosenthal2009,
  author = {Nolan McCarty and Keith T. Poole and Howard Rosenthal},
  title = {Does Gerrymandering Cause Polarization?},
  journal = {American Journal of Political Science},
  year = {2009},
  volume = {53},
  pages = {666-680},
  number = {3}
}

@ARTICLE{mcnamara2002,
  author = {Kathleen McNamara},
  title = {Rational Fictions: Central Bank Independence and the Social Logic
  of Delegation},
  journal = {West European Politics},
  year = {2002},
  volume = {25},
  pages = {47-76},
  number = {1}
}

@article{McNamara2008,
author = {McNamara, Kathleen},
title = {{A Rivalry in the Making? the Euro and International Monetary Power}},
journal = {Review of International Political Economy},
year = {2008},
volume = {15},
number = {3},
pages = {439--459},
}

@BOOK{mcnamara1998,
  title = {The Currency of Ideas: Monetary Politics in the European Union},
  publisher = {Cornell University Press},
  year = {1998},
  author = {McNamara, Kathleen R.},
  address = {Ithaca}
}

@article{Melander2005,
author = {Melander, Erik},
title = {{Gender Equality and Intrastate Armed Conflict}},
journal = {International Studies Quarterly},
year = {2005},
volume = {49},
number = {4},
pages = {695--714}
}

@ARTICLE{Meseguer2005,
  author = {Covadonga Meseguer},
  title = {Policy Learning, Policy Diffusion, and the Making of a New Order},
  journal = {The ANNALS of the American Academy of Political and Social Science},
  year = {2005},
  volume = {598},
  pages = {67--82},
  number = {1},
  month = mar
}

@article{Meseguer2006,
author = {Meseguer, Covadonga},
title = {Learning and Economic Policy Choices},
journal = {European Journal of Political Economy},
year = {2006},
volume = {22},
number = {1},
pages = {156--178},
month = mar
}

@article{Meseguer2009,
author = {Meseguer, Covadonga and Gilardi, Fabrizio},
title = {{What is New in the Study of Policy Diffusion}},
journal = {Review of International Political Economy},
year = {2009},
volume = {16},
number = {3},
pages = {527--543}
}

@article{BuenodeMesquita1999,
author = {Bueno de Mesquita, Bruce and Morrow, James D. and Siverson, Randolph M and Smith, Alastair},
title = {Policy Failure and Political Survival: The Contribution of Political Institutions},
journal = {The Journal of Conflict Resolution},
year = {1999},
volume = {43},
number = {2},
pages = {147--161}
}

@article{BuenodeMesquitademocratic1999,
author = {Bueno de Mesquita, Bruce and Morrow, James D. and Siverson, Randolph M and Smith, Alastair},
title = {{An Institutional Explanation of the Democratic Peace}},
journal = {The American Political Science Review},
year = {1999},
volume = {93},
number = {4},
pages = {791--807}
}

@BOOK{deMesquitaDictator2011,
    author = {Bueno de Mesquita, Bruce and Alastair Smith},
    title = {The Dictator's Handbook: Why Bad Behavior is Almost Always Good Politics},
    year = {2011},
    publisher = {Public Affairs Press},
    address = {New York}
}

@ARTICLE{milhaupt1999,
  author = {Curtis J. Milhaupt},
  title = {Japan's experience with deposit insurance and failing banks: Implications
  for financial regulatory design},
  journal = {Washington University Law Quarterly},
  year = {1999},
  volume = {77},
  pages = {399-431},
  publisher = {HeinOnline}
}

@article{Milner1999,
author = {Milner, Helen V},
title = {{The Political Economy of International Trade}},
journal = {Annual Review of Political Science},
year = {1999},
volume = {2},
pages = {91--114}
}

@article{Mccubbins2009,
author = {Mccubbins, Mathew D. and Paturi, Ramamohan and Weller, Nicholas},
title = {Connected Coordination: Network Structure and Group Coordination},
journal = {American Politics Research},
year = {2009},
volume = {37},
number = {2},
pages = {899--920}
}

@book{mcgrayne2011,
  title={The Theory That Would Not Die: How Bayes' Rule Cracked the Enigma Code, Hunted Down Russian Submarines, and Emerged Triumphant from Two Centuries of Controversy},
  author={Sharon Bertsch McGrayne},
  year={2011},
  publisher={Yale University Press}
}

@ARTICLE{Mitchell2001,
  author = {Janet Mitchell},
  title = {Bad Debts and the Cleaning of Banks' Balance Sheets: An Application
  to Transition Economies},
  journal = {Journal of Financial Intermediation},
  year = {2001},
  volume = {10},
  pages = {1-27},
  number = {1}
}

@ARTICLE{Mo2001,
  author = {Jongryn Mo},
  title = {Political Culture and Legislative Gridlock: Politics of Economic
  Reform in Precrisis Korea},
  journal = {Comparative Political Studies},
  year = {2001},
  volume = {34},
  pages = {467--492},
  number = {5},
  month = jun
}

@article{Moravcsik1997,
author = {Moravcsik, Andrew},
title = {{Taking Preferences Seriously: A Liberal Theory of International Politics}},
journal = {International Organization},
year = {1997},
volume = {51},
number = {4},
pages = {513--553},
month = oct
}


@ARTICLE{Morgenson2011,
  author = {Gretchen Morgenson and Louise Story},
  title = {As Wall St. Policies Itself, Prosecutors Use Softer Approach},
  journal = {The New York Times},
  year = {2011},
  month = jul
}

@BOOK{morton1999,
  title = {Methods and Models: A Guide to the Empirical Analysis of Formal Models
  in Political Science},
  publisher = {Cambridge University Press},
  year = {1999},
  author = {Morton, Rabecca B.},
  address = {Cambridge}
}

@ARTICLE{mosakowski1997,
  author = {Elaine Mosakowski},
  title = {Strategy Making under Causal Ambiguity: Conceptual Issues and Empirical
  Evidence},
  journal = {Organization Science},
  year = {1997},
  volume = {8},
  pages = {414-442},
  number = {4}
}

@ARTICLE{Moser1999,
  author = {Peter Moser},
  title = {Checks and Balances, and the Supply of Central Bank Independence},
  journal = {European Economic Review},
  year = {1999},
  volume = {43},
  pages = {159--1593}
}

@article{Mozaffar2003,
author = {Mozaffar, Shaheen and Scarritt, James R and Galaich, Glen},
title = {{Electoral Institutions, Ethnopolitical Cleavages, and Party Systems in Africa's Emerging Democracies}},
journal = {The American Political Science Review},
year = {2003},
volume = {97},
number = {3},
pages = {379--390}
}

@article{Nadeau1993,
author = {Nadeau, Richard and Blais, Andr{\'e}},
title = {{Accepting the Election Outcome: The Effect of Participation on Losers' Consent}},
journal = {British Journal of Political Science},
year = {1993},
volume = {23},
number = {4},
pages = {553--563}
}

@ARTICLE{nazioblossfeld2003,
  author = {Tiziana Nazio and Hans-Peter Blossfeld},
  title = {The Diffusion of Cohabitation among Young Women in West Germany,
  East Germany and Italy},
  journal = {European Journal of Population},
  year = {2003},
  volume = {19},
  pages = {47-82},
  number = {1}
}

@article{Neal2000,
author = {Neal, Larry},
title = {{How it All Began: The Monetary and Financial Architecture of Europe During the First Global Capital Markets, 1648-1815}},
journal = {Financial History Review},
year = {2000},
volume = {7},
pages = {117--140}
}

@article{Neto1997,
author = {Neto, Octavio Amorim and Cox, Gary W},
title = {{Electoral Institutions, Cleavage Structures, and the Number of Parties}},
journal = {American Journal of Political Science},
year = {1997},
volume = {41},
number = {1},
pages = {149--174}
}

@article{Neumayer2002,
author = {Neumayer, Eric},
title = {Does Trade Openness Promote Multilateral Environmental Cooperation},
journal = {World Economy},
year = {2002},
volume = {25},
number = {6},
pages = {815--832}
}

@article{Neumayer2005,
author = {Neumayer, Eric},
title = {{Do International Human Rights Treaties Improve Respect for Human Rights?}},
journal = {The Journal of Conflict Resolution},
year = {2005},
volume = {49},
number = {6},
pages = {925--953}
}

@ARTICLE{Neumayer2010,
  author = {Eric Neumayer and Thomas Pl\"umper},
  title = {Spatial Effects in Dyadic Data},
  journal = {International Organization},
  year = {2010},
  volume = {64},
  pages = {145-166},
  owner = {christophergandrud},
  timestamp = {2010.07.22}
}

@ARTICLE{Neumayer2010a,
  author = {Eric Neumayer and Thomas Pl\"umper},
  title = {Model Specification in the Analysis of Spatial Dependence},
  journal = {European Journal of Political Research},
  year = {2010},
  volume = {49},
  pages = {206-226},
  number = {3},
  owner = {christophergandrud},
  timestamp = {2010.07.22}
}

@UNPUBLISHED{Neumayer,
  author = {Eric Neumayer and Thomas Pl\"umper},
  title = {Making Spatial Analysis Operational: Ado-files for Generating Spatial
  Effect Variables in Monadic and Dyadic Data:},
  year = {2009},
  owner = {christophergandrud},
  timestamp = {2010.02.13}
}

@MISC{nocera2009,
  author = {Joe Nocera},
  title = {Risk Management},
  year = {4/1/2009},
  date-added = {2009-07-07 09:59:54 +0100},
  date-modified = {2009-07-07 10:01:45 +0100},
  journal = {The New York Times}
}

@ARTICLE{Noia1999,
  author = {Carmine Di Noia and Giorgio Di Giorgio},
  title = {Should Banking Supervision and Monetary Policy Tasks be Given to
  Different Agencies?},
  journal = {International Finance},
  year = {1999},
  volume = {2},
  pages = {361-378},
  number = {3},
  owner = {christophergandrud},
  timestamp = {2010.09.23}
}

@ARTICLE{Nordhaus1975,
  author = {W. Nordhaus},
  title = {The Political Business Cycle},
  journal = {Review of Economic Studies},
  year = {1975},
  volume = {42},
  pages = {169-190},
  owner = {Gandrud},
  timestamp = {2009.11.02}
}

@INBOOK{Norris1999,
    author = {Pippa Norris},
    title = {Institutional Explanations for Political Support: },
    booktitle = {Critical Citizens: Global Support for Democratic Governance},
    publisher = {Oxford University Press},
    address = {Oxford},
    year = {1999}
}

@book{North1990,
  title={Institutions, Institutional Change, and Economic Performance},
  author={North, Douglas C.},
  year={1990},
  publisher={Cambridge Univiversity Press},
  address = {Cambridge}
  }

@ELECTRONIC{NTMA2011,
  author = {NTMA},
  year = {2011},
  title = {Key Economic Indicators},
  language = {English},
  howpublished = {website},
  organization = {Irish Treasury Management Agency},
  url = {https://www.ntma.ie/IrishEconomy/keyEconomicIndicators.php},
  owner = {christophergandrud},
  timestamp = {2011.02.22}
}

@TECHREPORT{Nyberg2011,
  author = {P. Nyberg},
  title = {Misjudging Risk: Causes of the Systemic Banking Crisis in Ireland,
  Report on the Commission of Investigation into the Banking Sector
  in Ireland},
  year = {2011},
  month = {March}
}

@BOOK{Oatley2008,
    author = {Thomas Oatley},
    title = {International Political Economy: Interests and Institutions in the Global Economy},
    year = {2008},
    publisher = {Pearson Longman},
    address = {London},
    edition = {4th}
}

@INBOOK{OECD2010,
  chapter = {Ch. 6 Counter-Cyclical Economic Policy},
  pages = {309-330},
  title = {Economic Outlook},
  publisher = {OECD},
  year = {2010},
  author = {OECD},
  volume = {87},
  owner = {christophergandrud},
  timestamp = {2010.09.10}
}

@ARTICLE{Ogaki1996,
  author = {Masao Ogaki and Jonathan D. Ostry and Carmen M. Reinhart},
  title = {Savings Behavior in Low- and Middle- Income Developing Countries:
  A Comparison},
  journal = {IMF Staff Papers},
  year = {1996},
  volume = {43},
  pages = {38-71},
  number = {1},
  owner = {christophergandrud},
  timestamp = {2010.06.21}
}

@INCOLLECTION{Oh2004,
  chapter = {Financial Sector Reform},
  pages = {25-37},
  booktitle = {The Korean Economy: Post-Crisis Policies, Issues, and Prospects},
  publisher = {Edward Elgar},
  year = {2004},
  editor = {Charles Harvie and Jyun Hoon Lee and Junggun Oh},
  author = {Junggun Oh},
  address = {Cheltenham, UK},
  owner = {christophergandrud},
  timestamp = {2011.02.23}
}

@ARTICLE{Olsen2009,
  author = {Olsen, Johan P},
  title = {Change and Continuity: an Institutional Approach to Institutions
  of Democratic Government},
  journal = {European Political Science Review},
  year = {2009},
  volume = {1},
  pages = {3},
  number = {1},
  month = mar
}

@BOOK{Olson1982,
  title = {The Rise and Decline of Nations: Economic Growth, Stagflation, and
  Social Rigidities},
  publisher = {Yale University Press},
  year = {1982},
  author = {Mancur Olson},
  address = {New Haven},
  owner = {christophergandrud},
  timestamp = {2010.09.18}
}

@ARTICLE{P`erez-Oc'on2001,
  author = {Rafael {P\`{e}rez-Oc\'{o}n} and Juan Eloy {Ruiz-Castro} and M. Luz
  {G\'{a}miz-P\`{e}rez}},
  title = {A Piecewise Markov Process for Analysing Survival from Breast Cancer
  in Different Groups},
  journal = {Statistics in Medicine},
  year = {2001},
  volume = {20},
  pages = {109-122},
  owner = {christophergandrud},
  timestamp = {2010.10.14}
}

@ARTICLE{Pan2007,
  author = {Shin-Liang Pan and Hui-Min Wu and Amy {Ming-Fang} Yen and Tony {Hsiu-Hsi}
  Chen},
  title = {A Markov Regression Random-Effects Model for Remission of Functional
  Disability in Patients Following a First Stroke: A Bayesian Approach},
  journal = {Statistics in Medicine},
  year = {2007},
  volume = {26},
  pages = {5335-5353},
  owner = {christophergandrud},
  timestamp = {2010.10.27}
}

@INCOLLECTION{Park1991,
  chapter = {The Development of Financial Institutions and the Role of Government
  in Credit Allocation},
  pages = {45-72},
  booktitle = {Economic Development in the Republic of Korea: A Policy Perspective},
  publisher = {University of Hawaii Press},
  year = {1991},
  editor = {Lee Jay Cho and Yoon Hyung Kim},
  author = {Yung Chul Park},
  address = {Honolulu},
  owner = {christophergandrud},
  timestamp = {2011.02.22}
}

@ARTICLE{Pemstein2010,
  author = {Daniel Pemstein and Stephen A. Meserve and James Melton},
  title = {Democratic Compromise: A Latent Variable Analysis of Ten Measures
  of Regime Type},
  journal = {Political Analysis},
  year = {2010},
  volume = {18},
  pages = {426-449},
  number = {4},
  owner = {christophergandrud},
  timestamp = {2011.01.19}
}

@BOOK{Peng2007,
  title = {The Chinese Banking Industry: Lessons from History for Today's Challenges},
  publisher = {Routledge},
  year = {2007},
  author = {Y. Peng},
  address = {Abingdon},
  owner = {christophergandrud},
  timestamp = {2011.02.23}
}

@ARTICLE{Perline2005,
  author = {Richard Perline},
  title = {Strong, Weak, and False INverse Power Laws},
  journal = {Statistical Science},
  year = {2005},
  volume = {20},
  pages = {68-88},
  number = {1},
  owner = {christophergandrud},
  timestamp = {2010.09.15}
}

@ARTICLE{Persson1993,
  author = {Persson, Torsten and Tabellini, Guido},
  title = {Designing Institutions for Monetary Stability},
  journal = {Carnegie-Rochester Conference Series on Public Policy},
  year = {1993},
  volume = {39},
  pages = {53-84}
}

@BOOK{Pierson2004,
  title = {Politics in Time: History, Institutions, and Social Analysis},
  publisher = {Princeton University Press},
  year = {2004},
  author = {Paul Pierson},
  address = {Princeton},
  owner = {christophergandrud},
  timestamp = {2011.05.13}
}

@BOOK{pinker1997,
  title = {How the Mind Works},
  publisher = {W.W. Norton},
  year = {1997},
  author = {Steven Pinker},
  address = {New York},
  date-added = {2009-07-08 11:42:25 +0100},
  date-modified = {2009-07-08 11:43:05 +0100}
}

@BOOK{Pinker2011,
    title = {The Better Angels of Our Nature: The Decline of Violence in History and Its Causes},
    author = {Steven Pinker},
    year = {2011},
    publisher = {Allen Lane},
    address = {London}
}

@ARTICLE{Pintilie2007,
  author = {Melania Pintilie},
  title = {Analysing and interpreting competing risk data},
  journal = {Statistics in Medicine},
  year = {2007},
  volume = {26},
  pages = {1360-1367},
  owner = {christophergandrud},
  timestamp = {2010.06.25}
}

@article{Plumper2008,
author = {Pl{\"u}mper, Thomas and Troeger, Vera E.},
title = {{Fear of Floating and the External Effects of Currency Unions}},
journal = {American Journal of Political Science},
year = {2008},
volume = {52},
number = {3},
pages = {656--676},
month = jul
}

@ARTICLE{Poel2004,
  author = {Dirk Van den Poel and Bart Larivi\`ere},
  title = {Customer Attrition Analysis for Financial Services Using Proportional
  Hazard Models},
  journal = {European Journal of Operational Research},
  year = {2004},
  volume = {157},
  pages = {196-217},
  number = {1},
  owner = {christophergandrud},
  timestamp = {2010.11.09}
}

@OTHER{pooleetal2008,
  author = {Keith T. Poole and Jeffrey Lewis and James Lo and Royce Carroll},
  bdsk-url-1 = {https://voteview.ucsd.edu/wnominate.pdf},
  date-added = {2009-07-16 09:57:34 +0100},
  date-modified = {2009-07-16 10:21:50 +0100},
  journal = {Journal of Statistical Software},
  lastchecked = {16 July 2009},
  title = {Scaling Roll Call Voes with wnominate in R},
  urldate = {https://papers.ssrn.com/sol3/papers.cfm?abstract_id=1276082},
  year = {2008}
}

@BOOK{Powell2000,
    title = {Elections as Instruments of Democracy: Majoritarian and Proportional Visions},
    author = {Bingham Powell},
    year = {2000},
    publisher = {Yale University Press},
    address = {New Haven}
}

@ARTICLE{Powell1993,
  author = {Bingham Powell and Guy Whitten},
  title = {A Cross-National Analysis of Economic Voting: Taking Account of the
  Political Context},
  journal = {American Journal of Political Science},
  year = {1993},
  volume = {37},
  pages = {391--414},
  number = {2}
}

@BOOK{Powell1991,
  title = {The New Institutionalism in Organizational Analysis},
  publisher = {University of Chicago Press},
  year = {1991},
  author = {W.W Powell and P.J. DiMaggio},
  address = {Chicago},
  owner = {Gandrud},
  timestamp = {2009.11.03}
}

@article{Powell1981,
author = {Powell, G. Bingham Jr.},
title = {{Party Systems and Political System Performance: Voting Participation, Government Stability, and Mass Violence in Contemporary Democracies}},
journal = {The American Political Science Review},
year = {1981},
volume = {75},
number = {4},
pages = {861--879}
}

@BOOK{Powell1982,
    title = {Contemporary Democracies: Participation, Stability, and Violence},
    author = {Powell, G. Bingham Jr.},
    year = {1982},
    publisher = {Harvard University Press},
    address = {Cambridge MA}
}

@article{Power1997,
author = {Power, Timothy J and Gasiorowski, Mark J},
title = {{Institutional Design and Democratic Consolidation in the Third World}},
journal = {Comparative Political Studies},
volume = {30},
number = {2},
pages = {123--155}
}

@TECHREPORT{Pozsar2010,
  author = {Zoltan Pozsar and Tobias Adrian and Adam Ashcraft and Hayley Boesky},
  title = {Shadow Banking},
  institution = {Federal Reserve Bank of New York},
  type = {Staff Reports},
  number = {458},
  note = {\url{https://www.newyorkfed.org/research/staff_reports/sr458.pdf}},
  year = {2010},
  month = jul
}

@BOOK{Przeworski1991,
    author = {Adam Przeworski},
    title = {Democracy and the Market},
    address = {Cambridge},
    publisher = {Cambridge University Press},
    year = {1991}
}

@BOOK{Putnam1993,
  title = {Making Democracy Work: Civic Traditions in Modern Italy},
  publisher = {Princeton University Press},
  year = {1993},
  author = {Robert D. Putnam},
  owner = {christophergandrud},
  timestamp = {2010.09.16}
}

@ARTICLE{Putter2007,
  author = {H. Putter and M Fiocco and R.B. Geskus},
  title = {Tutorial in biostatistics: Competing risks and multi-state models},
  journal = {Statistics in Medicine},
  year = {2007},
  volume = {26},
  pages = {2389-2430},
  owner = {christophergandrud},
  timestamp = {2010.06.25}
}

@BOOK{Quiggin2010,
  title = {Zombie Economics: How Dead Ideas Still Walk Among Us},
  publisher = {Princeton University Press},
  year = {2010},
  author = {John Quiggin},
  address = {Princeton}
}

@ARTICLE{Quiggin2009,
  author = {John Quiggin},
  title = {Six Refuted Doctrines},
  journal = {Economic Papers},
  year = {2009},
  volume = {28},
  pages = {239-248},
  number = {3}
}

@TECHREPORT{quintynetal2007,
  author = {Marc Quintyn and Silvia Ramirez and Michael W. Taylor},
  title = {The Fear of Freedom: Politicians and the Independence and Accountability
  of Financial Sector Supervisors},
  institution = {IMF},
  year = {2007},
  type = {Working Paper},
  number = {WP/07/25},
  address = {Washington, DC},
  month = {February},
  date-added = {2009-10-20 17:03:56 +0100},
  date-modified = {2009-10-20 17:07:06 +0100}
}

@ARTICLE{Quintyn2003,
  author = {Marc Quintyn and Michael W. Taylor},
  title = {Regulatory and Supervisory Independence and Financial Stability},
  journal = {CESifo Economic Studies},
  year = {2003},
  volume = {49},
  pages = {259-294},
  number = {2},
  owner = {christophergandrud},
  timestamp = {2010.09.21}
}

@ARTICLE{radaelli2005,
  author = {Radaelli, Claudio M.},
  title = {Diffusion without convergence: how political context shapes the adoption
  of regulatory impact assessment},
  journal = {Journal of European Public Policy},
  year = {2005},
  volume = {12},
  pages = {924-943},
  number = {5}
}

@ARTICLE{Regling2010,
  author = {W. Regling and M. Watson},
  title = {A Preliminary Report on the Sources of Ireland's Banking Crisis},
  journal = {Government Publications Sale Office},
  year = {2010}
}

@TECHREPORT{Reinhart2010,
  author = {Carmen M. Reinhart and Kenneth Rogoff},
  title = {From Financial Crash to Debt Crisis},
  institution = {NBER},
  year = {2010},
  type = {Working Paper},
  number = {15795},
  month = {March},
  owner = {christophergandrud},
  timestamp = {2011.02.17}
}

@TECHREPORT{Reinhart2008,
author = {Reinhart, Carmen M and Rogoff, Kenneth},
title = {{This Time Is Different: A Panoramic View of Eight Centuries of Financial Crises}},
institution = {NBER},
type = {Working Paper},
number = {13882},
note = {\url{https://www.nber.org/papers/w13882}},
year = {2008},
pages = {1--125},
month = apr
}

@Techreport{ReinhartBonanzas2008,
author = {Reinhart, Carmen and Reinhart, Vincent},
title = {{Capital Flow Bonanzas: An Encompassing View of the Past and Present}},
institution = {NBER},
year = {2008},
number = {14321},
note = {\url{https://www.nber.org/papers/w14321}},
month = sep
}

@BOOK{reinhart2009,
  title = {This Time is Different: Eight Centuries of Financial Folly},
  publisher = {Princeton University Press},
  address = {Princeton},
  year = {2009},
  author = {Reinhart, Carmen M. and Rogoff, Kenneth}
}

@ELECTRONIC{ReserveBankofNewZealand,
  author = {{Reserve Bank of New Zealand}},
  year = {2010},
  title = {Deposit Insurance},
  language = {English},
  howpublished = {website},
  organization = {{Reserve Bank of New Zealand}},
  note = {Accessed 4 Nov 2010},
  url = {https://www.rbnz.govt.nz/finstab/banking/regulation/3256868.html},
  owner = {christophergandrud},
  timestamp = {2010.11.04}
}

@INCOLLECTION{Riker1990,
  chapter = {Chapter 6: Political Science and Rational Choice},
  pages = {163-181},
  booktitle = {Perspectives on Positive Political Economy},
  publisher = {Cambridge University Press},
  year = {1990},
  editor = {James E. Alt and Kenneth A. Shepsle},
  author = {William H. Riker},
  address = {Cambridge},
  owner = {christophergandrud},
  timestamp = {2010.09.20}
}

@BOOK{Ripley1996,
    title = {Pattern Recognition and Neural Networks},
    author = {Brian D. Ripley},
    year = {1996},
    publisher = {Cambridge University Press},
    address = {Cambridge}
}

@CONFERENCE{Rixteletal2003,
  author = {Adrian van Rixtel and Ioana Alexopoulou and Kimie Harada},
  title = {The New Basel Capital Accord and Its Impact on Japanese Banking:
  A Qualitative Analysis},
  year = {2003},
  number = {23},
  series = {Working Paper Series},
  address = {Tokyo},
  organization = {Center for Economic Institutions},
  publisher = {Hitotsubashi University},
  date-added = {2009-07-24 09:47:48 +0100},
  date-modified = {2009-07-24 09:50:58 +0100}
}

@ARTICLE{Rodrik1999,
  author = {Dani Rodrik},
  title = {Where Did All the Growth Go? External Shocks, Social Conflict, and
  Growth Collapses},
  journal = {Journal of Economic Growth},
  year = {1999},
  volume = {4},
  pages = {385-412},
  owner = {christophergandrud},
  timestamp = {2011.05.20}
}

@ARTICLE{Rogoff2003,
  author = {Kenneth Rogoff},
  title = {The IMF Strikes Bak},
  journal = {Foreign Policy},
  year = {2003},
  volume = {134},
  pages = {38-46}
}

@TECHREPORT{Rogoff1999,
author = {Rogoff, Kenneth},
title = {{Internatioanl Institutions for Reducing Global Financial Instability}},
institution = {NBER},
type = {Working Paper},
note = {\url{https://www.nber.org/papers/w7265}},
year = {1999},
month = jul
}

@ARTICLE{Rogoff1985,
  author = {Kenneth Rogoff},
  title = {The Optimal Degree of Commitment to an Intermediate Monetary Target},
  journal = {Quarterly Journal of Economics},
  year = {1985},
  volume = {100},
  pages = {1169-1990},
  month = {November},
  owner = {Gandrud},
  timestamp = {2009.10.31}
}

@INCOLLECTION{Rogowski2006,
  chapter = {Trade, Immigration, and Cross-Border Investment},
  pages = {814--828},
  booktitle = {The Oxford Handbook of Political Economy},
  publisher = {Oxford University Press},
  year = {2006},
  author = {Ronald Rogowski},
  address = {Oxford},
  editors = {Barry Weingast and Donald Wittman}
}

@ARTICLE{Rosas2006,
  author = {Guillermo Rosas},
  title = {Bagehot or Bailout? An Analysis of Government Responses to Banking
  Crises},
  journal = {American Journal of Political Science},
  year = {2006},
  volume = {50},
  pages = {175-191},
  number = {1},
  owner = {christophergandrud},
  timestamp = {2011.04.15}
}

@BOOK{Rosas2009,
  title = {Curbing Bailouts: Bank Crises and Democratic Accountability in Comparative
  Perspective},
  publisher = {The University of Michigan Press},
  year = {2009},
  author = {Guillermo Rosas},
  address = {Ann Arbor},
  owner = {christophergandrud},
  timestamp = {2011.04.15}
}

@incollection{Rosas2010,
author = {Rosas, Guillermo and Jensen, Nathan M.},
title = {{After the Storm: The Long-Run Impact of Bank Bailouts}},
booktitle = {Bailouts: Public Money, Private Profit},
year = {2010},
editor = {Wright, Robert E.},
publisher = {Columbia University Press},
address = {New York}
}


@article{Rosenbluth2003,
author = {Rosenbluth, Frances and Schaap, Ross},
title = {{The Domestic Politics of Banking Regulation}},
journal = {International Organization},
year = {2003},
volume = {57},
number = {2},
pages = {307--336}
}

@article{Ross1999,
author = {Ross, Robert S.},
title = {{The Geography of the Peace: East Asia in the Twenty-First Century}},
journal = {International Security},
year = {1999},
volume = {23},
number = {4},
pages = {81--118}
}

@ARTICLE{Ross2001,
  author = {Ross, Michael Lewin},
  title = {Does Oil Hinder Democracy?},
  journal = {World Politics},
  year = {2001},
  volume = {53},
  pages = {325--361},
  number = {3}
}

@BOOK{Rubin1987,
  title = {Multiple Imputation for Nonresponse in Surveys},
  publisher = {Wiley},
  year = {1987},
  author = {D.B. Rubin},
  address = {New York},
  owner = {christophergandrud},
  timestamp = {2010.07.21}
}

@BOOK{Sachs2006,
author = {Jeffrey Sachs},
title = {The End of Poverty: Economic Possibilities for Our Time},
year = {2006},
publisher = {Penguin Press},
address = {New York}
}

@BOOK{Sakakibara1993,
  title = {Beyond Capitalism: The Japanese Model of Market Economics},
  publisher = {University Press of America},
  year = {1993},
  author = {E. Sakakibara},
  address = {Lanham, MD},
  owner = {christophergandrud},
  timestamp = {2011.02.23}
}

@webpage{Salmon2011,
author = {Salmon, Felix},
title = {{All Bank Regulators Are Captured}},
year = {2011},
publisher = {Reuters},
month = nov,
note = {\url{https://blogs.reuters.com/felix-salmon/2011/11/02/all-bank-regulators-are-captured/}}
}

@ARTICLE{Sartori1970,
  author = {Sartori, Giovanni},
  title = {Concept Misinformation in Comparative Politics},
  journal = {The American Political Science Review},
  year = {1970},
  volume = {64},
  pages = {1033-1053},
  number = {4}
}

@BOOK{Satayanath2006,
  title = {Globalization, Politics, and Financial Turmoil: Asia's Banking Crisis},
  publisher = {Cambridge University Press},
  year = {2006},
  author = {Shanker Satyanath},
  address = {Cambridge},
  owner = {christophergandrud},
  timestamp = {2011.02.19}
}

@ELECTRONIC{Scannell2009,
  author = {Kara Scannell},
  month = {April},
  year = {2009},
  title = {FASB Eases Mark-to-Market Rules},
  howpublished = {electronic},
  organization = {Wall Street Journal},
  url = {https://online.wsj.com/article/SB123867739560682309.html},
  owner = {Gandrud},
  timestamp = {2009.11.05}
}

@ARTICLE{Scheike2011a,
  author = {Thomas Scheike and Mei-Jie Zhang},
  title = {Analysing Competing Risk Data Using the R timereg Package},
  journal = {Journal of Statistical Software},
  year = {2011},
  volume = {38},
  pages = {1-15},
  number = {2},
  owner = {christophergandrud},
  timestamp = {2011.04.27}
}

@ARTICLE{Scheike2008,
  author = {Thomas H. Scheike and Mei-Jie Zhang},
  title = {Flexible Competing Risks Regression Modeling and Goodness-of-fit},
  journal = {Lifetime Data Analysis},
  year = {2008},
  volume = {14},
  pages = {464-483},
  owner = {christophergandrud},
  timestamp = {2011.04.27}
}

@ARTICLE{scholzwang2009,
  author = {John T. Scholz and Cheng-Lung Wang},
  title = {Learning to Cooperate: Learning Networks and the Problem of Altruism},
  journal = {American Journal of Political Science},
  year = {2009},
  volume = {53},
  pages = {572-587},
  number = {3}
}

@ARTICLE{Schrodt2006,
  author = {Philip A. Schrodt},
  title = {Beyond the Linear Frequentist Orthodoxy},
  journal = {Political Analysis},
  year = {2006},
  volume = {14},
  pages = {335-339},
  number = {3},
  owner = {christophergandrud},
  timestamp = {2010.09.25}
}

@ARTICLE{schwarz2000,
  author = {Norbert Schwarz},
  title = {Emotion, cognition, and decision making},
  journal = {Cognition and Emotion},
  year = {2000},
  volume = {14},
  pages = {433-440},
  number = {4}
}

@article{Schwarz2005,
author = {Schwarz, Rolf},
title = {{Post-Conflict Peacebuilding: The Challenges of Security, Welfare, and Representation}},
journal = {Security Dialogue},
year = {2005},
volume = {36},
number = {4},
pages = {429--446}
}

@BOOK{Scott1994,
  title = {Institutional Environments and Organizations: Structural Complexity
  and Individualism},
  publisher = {Sage},
  year = {1994},
  author = {R.W. Scott and J. Meyer},
  address = {Thousand Oaks, CA},
  owner = {Gandrud},
  timestamp = {2009.11.03}
}

@ARTICLE{Sell2004,
  author = {Sell, Susan K. and Prakash, Aseem},
  title = {Using Ideas Strategically: The Contest Between Business and NGO Networks
  in Intellectual Property Rights},
  journal = {International Studies Quarterly},
  year = {2004},
  volume = {40},
  pages = {143--175}
}

@article{Seghetti1984,
author = {Seghetti, Michael R},
title = {{Speech or Debate Immunity: Preserving Legislative Independence While Cutting Costs of Congressional Immunity}},
journal = {Notre Dame Law Review},
year = {1984},
volume = {60},
pages = {589--620}
}

@ARTICLE{Sen2010,
  author = {Ananda Sen and Mousumi Banerjee and Yun Li and Anne-Michelle Noone},
  title = {A Bayesian Approach to Competing Risks Analysis with Masked Cause
  of Death},
  journal = {Statistics in Medicine},
  year = {2010},
  volume = {29},
  pages = {1681--1695},
  number = {16},
  month = {mar}
}

@OTHER{sewell2008,
  author = {Martin Sewell},
  bdsk-url-1 = {https://66.102.1.104/scholar?q=cache:dIHCSyKU7RUJ:scholar.google.com/+ambiguity+aversion+and+disadvantages+risks&hl=en},
  date-added = {2009-07-08 11:23:55 +0100},
  date-modified = {2009-07-08 11:25:26 +0100},
  lastchecked = {8 July 2009},
  month = {August},
  title = {Evolutionary Foundations of Heuristics and Biases},
  url = {https://66.102.1.104/scholar?q=cache:dIHCSyKU7RUJ:scholar.google.com/+ambiguity+aversion+and+disadvantages+risks&hl=en},
  year = {2008}
}

@ARTICLE{Shapiro1997,
  author = {Martin Shapiro},
  title = {The problems of independent agencies in the United States and the
  European Union},
  journal = {Journal of European Public Policy},
  year = {1997},
  volume = {4},
  pages = {276-277},
  number = {2},
  owner = {christophergandrud},
  timestamp = {2010.06.03}
}

@article{Schedler2010,
author = {Schedler, Andreas},
title = {{Authoritarianism's Last Line of Defense}},
journal = {Journal of Democracy},
year = {2010},
volume = {21},
number = {1},
pages = {70--80},
}

@article{Sheng2010,
author = {Sheng, Andrew},
title = {{The Regulatory Reform of Global Financial Markets: An Asian Regulator's Perspective}},
journal = {Global Policy},
year = {2010},
volume = {1},
number = {2},
pages = {191--200}
}

@BOOK{Shim2008,
  title = {The Korean Economic System: Governments, Big Finance, and Financial
  Institutions},
  publisher = {Ashgate},
  year = {2008},
  author = {Jae-Seung Shim and Moosung Lee},
  address = {Aldershot, England},
  owner = {christophergandrud},
  timestamp = {2011.02.22}
}

@ARTICLE{shipan2008,
  author = {Shipan, Charles R. and Volden, Craig},
  title = {The Mechanisms of Policy Diffusion},
  journal = {American Journal of Political Science},
  year = {2008},
  volume = {52},
  pages = {840-857},
  number = {4}
}

@ARTICLE{Shojania2007,
  author = {Shojania, Kaveh G. and Sampson, Margaret and Ansari, Mohammed T.
  and Ji, Jun and Doucette, Steve and Moher, David},
  title = {How Quickly Do Systematic Reviews Go Out of Date? a Survival Analysis},
  journal = {Annals of Internal Medicine},
  year = {2007},
  volume = {147},
  pages = {224-233},
  number = {4},
  month = jul
}

@article{Schmukler2003,
author = {Schmukler, Sergio L.},
title = {{Financial Globalization: Gain and Pain for Developing Countries}},
journal = {Federal Reserve Bank of Atlanta Economic Review},
year = {2003},
volume = {Second Quarter},
pages = {39--66},
note = {\url{https://siteresources.worldbank.org/DEC/Resources/SCHMUKLER-EconomicReview.pdf}}
}

@BOOK{Sikkink1991,
  title = {Ideas and Institutions: Developmentalism in Argentina and Brazil},
  publisher = {Cornell University Press},
  year = {1991},
  author = {Kathryn Sikkink},
  address = {Ithaca}
}

@article{Simmons1998,
author = {Simmons, Beth A},
title = {{Compliance with International Agreements}},
journal = {Annual Review of Political Science},
year = {1998},
volume = {1},
pages = {75--93}
}

@ARTICLE{Simmons2006,
  author = {Beth A. Simmons and Frank Dobbin and Geoffrey Garrett},
  title = {Introduction: The International Diffusion of Liberalism},
  journal = {International Organization},
  year = {2006},
  volume = {60},
  pages = {781-810},
  owner = {christophergandrud},
  timestamp = {2010.09.23}
}

@ARTICLE{Simmons2004,
  author = {Beth A. Simmons and Zachary Elkins},
  title = {The Globalization of Liberlization: Policy Diffusion in the International
  Political Economy},
  journal = {American Political Science Review},
  year = {2004},
  volume = {98},
  pages = {171-189},
  number = {1},
  owner = {Gandrud},
  timestamp = {2009.12.03}
}

@ARTICLE{Simon1990,
  author = {H.A. Simon},
  title = {Invariants of Human Behavior},
  journal = {Annual Review of Psychology},
  year = {1990},
  volume = {41},
  pages = {1-19},
  owner = {christophergandrud},
  timestamp = {2010.09.18}
}

@ARTICLE{simon1985,
  author = {Herbert A. Simon},
  title = {Human Nature in Politics: The Dialogue of Psychology with Political
  Science},
  journal = {The American Political Science Review},
  year = {1985},
  volume = {79},
  pages = {293-304},
  number = {2}
}

@BOOK{slaughter2004,
  title = {A New World Order},
  publisher = {Princeton University Press},
  year = {2004},
  author = {Annie-Marie Slaughter},
  address = {Princeton},
  date-added = {2009-07-14 09:19:54 +0100},
  date-modified = {2009-07-14 09:21:14 +0100}
}

@article{Smith2000,
author = {Smith, James McCall},
title = {{The Politics of Dispute Settlement Design: Explaining Legalism in Regional Trade Pacts}},
journal = {International Organization},
year = {2000},
volume = {54},
number = {1},
pages = {137--180}
}

@BOOK{Smith2010,
    title = {Bayesian Decision Analysis: Principles and Practice},
    author = {Jim Q. Smith},
    publisher = {Cambridge University Press},
    address = {Cambridge},
    year = {2010}
}

@BOOK{Sorkin2010,
  title = {Too Big to Fail: Inside the Battle to Save Wall Street},
  publisher = {Penguin},
  year = {2010},
  author = {Andrew Ross Sorkin},
  address = {London},
  owner = {christophergandrud},
  timestamp = {2011.04.25}
}

@ARTICLE{Spence1973,
    title = {Job Market Signalling},
    author = {A.M. Spence},
    journal = {Quarterly Journal of Economics},
    year = {1973},
    volume = {83},
    issue = {3},
    pages = {355-374}
}

@BOOK{Spero2003,
    title ={The Politics of International Economic Relations},
    author = {Joan E. Spero and Jeffrey A. Hart},
    year = {2003},
    publisher = {Thomson Wadsworth},
    address = {London},
    edition = {6th}
}

@TECHREPORT{Speller2011,
author = {Speller, William and Thwaites, Gregory and Wright, Michelle},
title = {{The Future of International Capital Flows}},
institution = {Bank of England},
year = {2011},
number = {12},
note = {\url{https://www.bankofengland.co.uk/publications/fsr/fs_paper12.pdf}},
month = dec
}

@INBOOK{Spilleretal2008,
  chapter = {Political Institutions, and Policy: An Introduction},
  pages = {1-28},
  title = {Policymaking in Latin America: How Politics Shapes Policies},
  publisher = {David Rockefeller Center for Latin American Studies, Harvard University},
  year = {2008},
  editor = {Ernesto Stein AND Mariano Tommasi and Pablo T. Spiller and Carlos
  Scartascini},
  author = {Pablo T. Spiller and Ernesto Stein and Mariano Tommasi},
  address = {Cambridge, MA}
}

@INCOLLECTION{Spolaore2006,
  chapter = {National Borders and the Size of Nations},
  pages = {778--798},
  booktitle = {The Oxford Handbook of Political Economy},
  publisher = {Oxford University Press},
  year = {2006},
  author = {Enrico Spolaore},
  address = {Oxford},
  editors = {Barry Weingast and Donald Wittman}
}

@article{Spruyt2002,
author = {Spruyt, Hendrik},
title = {{The Origins, Development, and Possible Decline of the Modern State}},
journal = {Annual Review of Political Science},
year = {2002},
volume = {5},
pages = {127--149}
}

@ARTICLE{Stasavage2003,
  author = {David Stasavage},
  title = {Transparency, Democratic Accountability, and the Economic Consequences
  of Monetary Institutions},
  journal = {American Journal of Political Science},
  year = {2003},
  volume = {47},
  pages = {389-402},
  number = {3},
  owner = {christophergandrud},
  timestamp = {2011.05.16}
}

@BOOK{StataCorp.2009,
  title = {Stata Survival Analysis and Epidemiological Tables Reference Manual:
  Release 11},
  publisher = {Stata Press},
  year = {2009},
  author = {{Stata Corp.}},
  address = {College Station, TX},
  owner = {christophergandrud},
  timestamp = {2010.07.19}
}

@ARTICLE{Steinmo2003,
  author = {Steinmo, Sven},
  title = {The Evolution of Policy Ideas: Tax Policy in the 20th Century},
  journal = {British Journal of Politics and International Relations},
  year = {2003},
  volume = {5},
  pages = {206--236},
  number = {2}
}

@BOOK{Stigler1988,
  title = {Chicago Studies in Political Economy},
  publisher = {University of Chicago Press},
  year = {1988},
  author = {G. Stigler},
  address = {Chicago},
  owner = {christophergandrud},
  timestamp = {2010.09.22}
}

@ARTICLE{Stigler1971,
  author = {G. Stigler},
  title = {The Theory of Economic Regulation},
  journal = {Bell Journal of Economics and Management Science},
  year = {1971},
  volume = {6},
  pages = {144-141},
  number = {2},
  owner = {christophergandrud},
  timestamp = {2010.09.22}
}

@INPROCEEDINGS{Stiglitz1993,
  author = {Joseph Stiglitz and Jaime Jaramillo-Vallejo and Young Chal Park},
  title = {The Role of the State in Financial Markets},
  booktitle = {World Bank Research Observer},
  year = {1993},
  volume = {19},
  number = {61},
  owner = {christophergandrud},
  timestamp = {2011.04.21}
}

@BOOK{stiglitz2002,
  title = {Globilization and Its Discontents},
  publisher = {W.W. Norton},
  year = {2002},
  author = {Joseph E. Stiglitz},
  address = {New York},
  date-added = {2009-07-18 16:20:32 +0100},
  date-modified = {2009-07-18 16:22:17 +0100}
}

@ARTICLE{strang1993,
  author = {Strang, David and Tuma, N.B.},
  title = {Spatial and temporal heterogeneity in diffusion},
  journal = {American Journal of Sociology},
  year = {1993},
  volume = {99},
  pages = {615-639}
}

@INCOLLECTION{Streeck2005,
  chapter = {Introduction},
  pages = {1-39},
  booktitle = {Beyond Continuity: Insitutional Change in Advanced Political Economies},
  publisher = {Oxford University Press},
  year = {2005},
  editor = {Wolfgang Streeck and Kathleen Thelen},
  author = {Wolfgang Streeck and Kathleen Thelen},
  owner = {christophergandrud},
  timestamp = {2010.09.18}
}

@TECHREPORT{Sundararajan1991,
  author = {Vasudevan Sundararajan and Tom\'{a}s {Bali\~{n}o}},
  title = {Banking Crises: Cases and Issues},
  institution = {International Monetary Fund},
  year = {1991},
  address = {Washington, DC},
  owner = {christophergandrud},
  timestamp = {2011.04.15}
}

@article{Suhrke2007,
author = {Suhrke, Astri},
title = {{Reconstruction as Modernisation: The 'post-conflict' Project in Afghanistan}},
journal = {Third World Quarterly},
year = {2007},
volume = {28},
number = {7},
pages = {1291--1308}
}

@BOOK{Taagepera1989,
  title = {Seats and Votes: The Effects and Determinants of Electoral Systems},
  publisher = {Yale University Press},
  year = {1989},
  author = {Rein Taagepera and Matthew Soberg Shugart},
  address = {New Haven},
  owner = {Gandrud},
  timestamp = {2009.10.31}
}

@article{Taagepera2003,
author = {Taagepera, Rein},
title = {{Arend Lijphart's Dimensions of Democracy: Logical Connections and Institutional Design}},
journal = {Political Studies},
year = {2003},
volume = {51},
pages = {1--19}
}

@INCOLLECTION{sep-epistemology-bayesian,
  author = {Talbott, William},
  title = {Bayesian Epistemology},
  booktitle = {The Stanford Encyclopedia of Philosophy},
  year = {2011},
  editor = {Edward N. Zalta},
  edition = {Summer 2011},
  howpublished = {\url{https://plato.stanford.edu/archives/sum2011/entries/epistemology-bayesian/}}
}

@INBOOK{Tarrow2004,
  chapter = {Bridging the Quantitative-Qualitative Divide},
  pages = {171- 179},
  title = {Rethinking Social Inquiry: Diverse Tools, Shared Standards},
  publisher = {Rowman and Littlefield Publishers, Inc.},
  year = {2004},
  editor = {Henry E. Brady and David Collier},
  author = {Sidney Tarrow},
  owner = {christophergandrud},
  timestamp = {2010.09.16}
}

@ARTICLE{Tavelli1998,
  author = {Henry Tavelli and Giuseppe Tullio and Franco Spinelli},
  title = {The Evolution of European Central Bank Independence: An updating
  of the Masciandaro and Spinelli index},
  journal = {Scottish Journal of Political Economy},
  year = {1998},
  volume = {45},
  pages = {341-344},
  number = {3},
  owner = {Gandrud},
  timestamp = {2010.01.11}
}

@INCOLLECTION{taylor1994,
  author = {Taylor, Charles},
  title = {Interpretation and the Sciences of Man},
  booktitle = {Readings in the Philosophy of Social Science},
  publisher = {IT Press},
  year = {1994},
  editor = {Martin, Michael and McIntyre, Lee C.},
  address = {Cambridge, MA}
}

@INCOLLECTION{taylor1996,
  chapter = {When Rationality Fails},
  pages = {223-234},
  booktitle = {The Rational Choice Controversy: Economic Models of Politics Reconsidered},
  publisher = {Yale University Press},
  year = {1996},
  editor = {J. Friedman},
  author = {M. Taylor},
  address = {New Haven, CT},
  date-added = {2009-07-06 08:58:06 +0100},
  date-modified = {2009-07-07 09:26:39 +0100}
}

@ARTICLE{teadoro2009,
  author = {Teodoro, Manuel P.},
  title = {Bureaucratic Job Mobility and the Diffusion of Innovations},
  journal = {American Journal of Political Science},
  year = {2009},
  volume = {53},
  pages = {175-189},
  number = {1}
}

@article{Terada2003,
author = {Terada, Takashi},
title = {{Constructing an `East Asian' Concept and Growing Regional Identity: EAEC to ASEAN+3}},
journal = {The Pacific Review},
year = {2003},
volume = {16},
number = {2},
pages = {251--277},
month = dec
}

@TECHREPORT{Terada-Hagiwara2004,
  author = {Akiko Terada-Hagiwara and Gloria O. Pasadilla},
  title = {Experience of Crisis-Hit Asian Countries: Do Asset Management Companies
  Increase Moral Hazard},
  institution = {Philippine Institute for Development Studies},
  year = {2004},
  type = {Discussion Paper Series},
  number = {2004-17},
  owner = {christophergandrud},
  timestamp = {2011.05.16}
}

@ELECTRONIC{TFSC2010,
  author = {TFSC},
  year = {2010},
  title = {About the Taiwan Financial Supervisory Commission},
  language = {English},
  howpublished = {Website},
  organization = {TFSC},
  address = {Taipei},
  note = {Date Accessed: 28/09/2010},
  url = {\url{https://www.fscey.gov.tw}},
  owner = {christophergandrud},
  timestamp = {2010.10.05}
}

@ARTICLE{Thatcher2002,
  author = {Mark Thatcher},
  title = {Delegation to Independent Regulatory Agencies: Pressures, Functions,
  and Contextual Mediation},
  journal = {West European Politics},
  year = {2002},
  volume = {25},
  pages = {125-147},
  number = {1},
  owner = {christophergandrud},
  timestamp = {2010.09.22}
}

@ARTICLE{Thatcher2008,
  author = {Mark Thatcher and David Coen},
  title = {Reshaping European Space: An Evolutionary Analysis},
  journal = {West European Politics},
  year = {2008},
  volume = {31},
  pages = {806-836},
  number = {4},
  owner = {christophergandrud},
  timestamp = {2010.10.26}
}

@ARTICLE{thatcherstone2002,
  author = {Mark Thatcher and Alec {Stone Sweet}},
  title = {Theory and Practice of Delegation to Non-Majoritarian Institutions},
  journal = {West European Politics},
  year = {2002},
  volume = {25},
  pages = {1-22},
  number = {1}
}

@ARTICLE{TheEconomist1997,
  author = {{The Economist}},
  title = {The Kia Standard},
  journal = {The Economist},
  year = {1997},
  month = sep
}

@INBOOK{Todd2007,
  chapter = {Chapter 15: Mechanisms of ecological rationality: heuristics and
  environments},
  pages = {198-210},
  title = {The Oxford Handbook of Evolutionary Psychology},
  publisher = {Oxford University Press},
  year = {2007},
  editor = {R.I.M. Dunbar and Louise Barrett},
  author = {Peter M. Todd and Gerd Gigerenzer},
  address = {Oxford},
  owner = {christophergandrud},
  timestamp = {2010.09.18}
}

@BOOK{tsebelis2002,
  title = {Veto Players: How Political Institutions Work},
  publisher = {Princeton University Press},
  year = {2002},
  author = {Tsebelis, George},
  address = {Princeton}
}

@BOOK{tsbelis1990,
  title = {Nested Games},
  publisher = {University of California Press},
  year = {1990},
  author = {Tsebelis, George},
  address = {Berkeley}
}

@ARTICLE{Tsebelis2004,
  author = {George Tsebelis and Eric C. Chang},
  title = {Veto Players and the Structure of Budgets in Advanced Industrialized
  Countries},
  journal = {European Journal of Political Research},
  year = {2004},
  volume = {43},
  pages = {449-476}
}

@ARTICLE{tveskykahneman1992,
  author = {Amos Tversky and Daniel Kahneman},
  title = {Advances in Prospect Theory: Cumulative representation of uncertainty},
  journal = {Journal of Risk Uncertainty},
  year = {1992},
  volume = {80},
  pages = {204-323},
  number = {1},
  date-added = {2009-07-08 11:28:30 +0100},
  date-modified = {2009-07-08 11:32:32 +0100}
}

@ARTICLE{Tversky1986,
  author = {Amos Tversky and Daniel Kahneman},
  title = {Rational Choice and the Framing of Decisions},
  journal = {The Journal of Business},
  year = {1986},
  volume = {59},
  pages = {S251-S278},
  number = {4},
  owner = {christophergandrud},
  timestamp = {2010.10.26}
}

@ARTICLE{Tversky1981,
  author = {Amos Tversky and Daniel Kahneman},
  title = {The Framing of Decisions and the Psychology of Choice},
  journal = {Science},
  year = {1981},
  volume = {211},
  pages = {453-458},
  number = {4481},
  owner = {christophergandrud},
  timestamp = {2010.10.20}
}

@ARTICLE{tverskykahneman1974,
  author = {Amos Tversky and Daniel Kahneman},
  title = {Judgment under Uncertainty: Heuristics and Biases},
  journal = {Science},
  year = {1974},
  volume = {185},
  pages = {1124-1131},
  number = {4157}
}

@INCOLLECTION{Tyler1998,
    chapter = {Trust and Democratic Government},
    author = {Tom R. Tyler},
    pages = {269--291},
    title = {Trust and Governance},
    editor = {Valerie Braithwaite and Margaret Levi},
    publisher = {Russell Sage Foundation},
    address = {New York},
    year = {1998}
}

@ELECTRONIC{UCLA2010,
  author = {UCLA},
  year = {2010},
  title = {Statistical Computing Seminars, Multipe Imputation in Stata, Part
  2},
  language = {English},
  howpublished = {website},
  organization = {UCLA Academic Technology Services, Statistical Consulting Group},
  address = {Los Angeles},
  note = {Accessed 10 August 2010},
  url = {{https://www.ats.ucla.edu/stat/stata/seminars/missing_data/mi_in_stata_pt2.htm}},
  owner = {christophergandrud},
  timestamp = {2010.08.10}
}

@OTHER{UN2009,
  author = {UN},
  date-added = {2009-10-20 17:07:29 +0100},
  date-modified = {2009-10-20 17:43:33 +0100},
  lastchecked = {12 October 2009},
  title = {UN Data: A World of Information},
  url = {\url{https://data.un.org}},
  urldate = {12 October 2009},
  year = {2009}
}

@article{Underhill2008,
author = {Underhill, Geoffrey and Zhang, Xiaoke},
title = {{Setting the Rules: Private Power, Political Underpinnings, and Legitimacy in Global Monetary and Financal Governance}},
journal = {International Affairs},
year = {2008},
volume = {84},
number = {3},
pages = {535--554}
}

@article{Vogel1997,
author = {Vogel, David},
title = {{Trading Up and Govering Across: Transnational Governance and Environmental Protection}},
journal = {Journal of European Public Policy},
year = {1997},
volume = {4},
number = {4},
pages = {556--571}
}

@ARTICLE{Volden2006,
  author = {Craig Volden},
  title = {States as Policy Laboratories: Emulating Success in the Children's
  Health Insurance Program},
  journal = {American Journal of Political Science},
  year = {2006},
  volume = {50},
  pages = {294-312},
  number = {2},
  owner = {christophergandrud},
  timestamp = {2010.10.11}
}

@ARTICLE{volden2008,
  author = {Volden, Craig and Ting, Michael M. and Carpenter, Daniel P.},
  title = {A Formal Model of Learning and Policy Diffusion},
  journal = {American Journal of Political Science},
  year = {2008},
  volume = {102},
  pages = {319-332},
  number = {3}
}

@ARTICLE{Vreeland2003,
  author = {James Raymond Vreeland},
  title = {Why Do Governments and the IMF Enter into Agreements? Statistically
  Selected Cases},
  journal = {International Political Science Review},
  year = {2003},
  volume = {24},
  pages = {321-343},
  number = {3},
  owner = {christophergandrud},
  timestamp = {2011.04.18}
}

@article{Wade2003,
author = {Wade, Robert Hunter},
title = {{What Strategies are Viable for Developing Countries Today? The World Trade Organization and the Shrinking of `Development Space'}},
journal = {Review of International Political Economy},
year = {2003},
volume = {10},
number = {4},
pages = {621--644}
}

@article{Wagner2009,
author = {Wagner, Alexander F. and Schneider, Friedrich and Halla, Martin},
title = {{The Quality of Institutions and Satisfaction with Democracy in Western Europe --- a Panel Analysis}},
journal = {European Journal of Political Economy},
year = {2009},
volume = {25},
pages = {30--41}
}

@BOOK{Wallensteen2007,
    author = {Peter Wallensteen},
    title = {Understanding Conflict Resolution},
    edition = {2nd},
    year = {2007},
    publisher = {Sage Publications},
    address = {London}
}

@BOOK{Wallensteen2012,
    author = {Peter Wallensteen},
    title = {Understanding Conflict Resolution},
    edition = {3rd},
    year = {2012},
    publisher = {Sage Publications},
    address = {London}
}


@ARTICLE{Watson2002,
  author = {Watson, Matthew},
  title = {The Institutional Paradoxes of Monetary Orthodoxy: Reflections on
  the Political Economy of Central Bank Independence},
  journal = {Review of International Political Economy},
  year = {2002},
  volume = {9},
  pages = {183-196},
  number = {1}
}

@BOOK{Walter2008,
    title = {Governing Finance: East Asia's Adoption of International Standards},
    author = {Andrew Walter},
    publisher = {Cornell University Press},
    address = {Ithaca, NY},
    year = {2008}
}

@article{Walt1998,
author = {Walt, Stephen},
title = {{International Relations: One World, Many Theories}},
journal = {Foreign Policy},
year = {1998},
volume = {100},
number = {Spring},
pages = {29--46},
month = may
}

@MANUAL{imffinacialsector2005,
  title = {Financial Sector Assessment: A Handbook},
  author = {WB and IMF},
  organization = {The World Bank and The International Monetary Fund},
  address = {Washington, DC},
  year = {2005},
  date-added = {2009-08-28 10:05:17 +0100},
  date-modified = {2009-08-28 10:36:24 +0100}
}

@INCOLLECTION{weberjohnson2009,
  chapter = {Ch. 10: Decisions Under Uncertainty: Psychological, Economic, and
  Neuroeconomic Explanations of Risk Preference},
  pages = {127-144},
  booktitle = {Neuroeconomics: Decision Making and the Brain},
  publisher = {Elsevier},
  year = {2009},
  editor = {Paul W. Glimcher and Colin F. Cramerer and Ernst Fehr and Russell
  A. Poldrack},
  author = {Elke U. Weber and Eric J. Johnson},
  address = {London},
  date-added = {2009-07-04 08:40:53 +0100},
  date-modified = {2009-07-07 09:27:22 +0100}
}

@ARTICLE{Weber2009,
  author = {Klaus Weber and Gerald F. Davis and Michael Lounsbury},
  title = {Policy as Myth and Ceremony? The Global Spread of Stock Exchanges,
  1980 - 2005},
  journal = {Academy of Management Journal},
  year = {2009},
  volume = {52},
  pages = {1319-1347},
  number = {6},
  owner = {christophergandrud},
  timestamp = {2011.01.29}
}

@ARTICLE{Weingast1995,
  author = {Weingast, Barry},
  title = {A Rational Choice Perspective on the Role of Ideas: Shared Belief
  Systems and State Sovereignty in International Cooperation},
  journal = {Politics {\&} Society},
  year = {1995},
  volume = {23},
  pages = {449--464},
  number = {4}
}

@BOOK{Weyland2007,
    title = {Bounded Rationality and Policy Diffusion: Social Sector Reform in Latin America},
    author = {Kurt Weyland},
    year = {2007},
    publisher = {Princeton University Press},
    address = {Princeton}
}

@ARTICLE{White1989,
  author = {Lawrence J. White},
  title = {The Reform of Federal Deposit Insurance},
  journal = {Journal of Economic Perspectives},
  year = {1989},
  volume = {Fall},
  pages = {101-102},
  owner = {christophergandrud},
  timestamp = {2010.06.02}
}

@ARTICLE{wilson1998,
  author = {Thomas C. Wilson},
  title = {Portfolio Credit Risk},
  journal = {FRBNY Economic Policy Review},
  year = {1998},
  month = {October},
  date-added = {2009-08-08 16:50:19 +0100},
  date-modified = {2009-08-08 16:52:06 +0100}
}

@ARTICLE{Windmaier2007,
  author = {Wesley W. Windmaier and Mark Blyth and Lenard Seabrooke},
  title = {Exogenous Shocks or Endogenous Constructions},
  journal = {International Studies Quarterly},
  year = {2007},
  volume = {51},
  pages = {747-759},
  owner = {christophergandrud},
  timestamp = {2010.09.22}
}

@BOOK{wood2005,
  title = {Governing Global Banking: The Basel Committee and the Politcs of
  Financial Globalisation},
  publisher = {Ashgate},
  year = {2005},
  author = {Duncan Wood},
  address = {Aldersot, UK},
  date-added = {2009-07-21 09:17:29 +0100},
  date-modified = {2009-07-21 09:19:03 +0100}
}

@article{Toset2000,
author = {Toset, Hans Petter Wolleb{\ae}k and Gleditsch, Nils Petter and Hegre, H{\aa}vard},
title = {{Shared Rivers and Interstate Conflict}},
journal = {Political Geography},
year = {2000},
volume = {19},
pages = {971--996}
}

@article{Werner2005,
author = {Werner, Suzanne and Yuen, Amy},
title = {{Making and Keeping Peace}},
journal = {International Organization},
year = {2005},
volume = {59},
number = {2},
pages = {261--292}
}

@ELECTRONIC{WorldBank2011,
  author = {{World Bank}},
  year = {2011},
  title = {World Development Indicators},
  language = {English},
  howpublished = {website},
  url = {\url{https://data.worldbank.org/data-catalog/world-development-indicators}},
  owner = {christophergandrud},
  timestamp = {2011.02.22}
}

@ELECTRONIC{WorldBank2009,
  author = {{World Bank}},
  year = {2009},
  title = {World Bank Development Indicators},
  url = {\url{https://data.worldbank.org/data-catalog/world-development-indicators}},
  owner = {christophergandrud},
  timestamp = {2010.07.01}
}

@UNPUBLISHED{UNU2008,
    author = {{UNU-WIDER}},
    title = {World Income Inequality Database},
    year = {2008},
    note = {\url{https://www.wider.unu.edu/research/Database/en_GB/database/}}
}

@ARTICLE{Yee1996,
  author = {Albert S. Yee},
  title = {The Causal Effects of Ideas on Policies},
  journal = {International Organization},
  year = {1996},
  volume = {50},
  pages = {69--108},
  number = {1}
}

@article{Young2011,
author = {Young, Joseph K and Dugan, Laura},
title = {{Veto Players and Terror}},
journal = {Journal of Peace Research},
year = {2011},
volume = {48},
number = {1},
pages = {19--33}
}

@ARTICLE{ZakKnack2001,
    title = {Trust and Growth},
    author = {Paul J. Zak and Stephen Knack},
    journal = {The Economic Journal},
    year = {2001},
    volume = {111},
    number = {2},
    pages = {295-321}
}

@ARTICLE{Zysman1994,
  author = {John Zysman},
  title = {How Institutions Create Historically Rooted Trajectories of Growth},
  journal = {Industrial and Corporate Change},
  year = {1994},
  volume = {3},
  pages = {243--283},
  number = {1}
}

@PROCEEDINGS{Cagliarini2000,
  title = {Monetary Policy-making in the Presence of Knightian Uncertainty},
  year = {2000},
  editor = {Adam Cagliarini and Alexandra Heath},
  number = {2000-10},
  address = {Canberra},
  publisher = {Economic Research Department},
  month = {December},
  organization = {Reserve Bank of Australia}
}

@BOOK{Cho1991,
  title = {Economic Development in the Republic of Korea: A Policy Perspective},
  publisher = {Hawaii University Press},
  year = {1991},
  editor = {Lee Jay Cho and Yoon Hyung Kim},
  address = {Honolulu},
  owner = {christophergandrud},
  timestamp = {2011.02.22}
}

@BOOK{Goodhart1997a,
  title = {The Emerging Framework of Financial Regulation},
  publisher = {Central Banking Publications},
  year = {1997},
  editor = {Charles Goodhart},
  address = {London},
  owner = {christophergandrud},
  timestamp = {2010.09.22}
}

@BOOK{Honohan2005,
  title = {Systemic Financial Crises: Containment and Resolution},
  publisher = {Cambridge University Press},
  year = {2005},
  editor = {Patrick Honohan and Luc Laeven},
  address = {Cambridge},
  owner = {christophergandrud},
  timestamp = {2011.05.18}
}

@BOOK{laingeds2009,
  title = {Stochastic Methods in Neuroscience},
  publisher = {Oxford University Press},
  year = {2009},
  editor = {Carlo Laing and Gabriel Lord},
  address = {Oxford},
  date-added = {2009-08-22 11:04:05 +0100},
  date-modified = {2009-08-22 11:05:06 +0100}
}

@BOOK{Maciandaro2007,
  title = {Handbook of Central Banking and Financial Authorities in Europe},
  publisher = {Edward Elgar},
  year = {2007},
  editor = {Donato Maciandaro},
  address = {Cheltenham},
  owner = {Gandrud},
  timestamp = {2010.01.11}
}

@inproceedings{Yellen2011,
author = {Yellen, Janet L.},
title = {{Improving the International Monetary and Financial System}},
booktitle = {Banque de France International Symposium},
year = {2011},
note = {\url{https://www.federalreserve.gov/newsevents/speech/yellen20110304a.pdf}},
address = {Paris},
month = mar
}

@ELECTRONIC{USSenateCanning,
    title = {The Canning of Senator Charles Sumner},
    author = {{United States Senate}},
    year = {2011},
    note = {\url{https://www.senate.gov/artandhistory/history/minute/The_Caning_of_Senator_Charles_Sumner.htm}}
}

@ELECTRONIC{ParliamentUKSword,
    author = {{UK Parliament}},
    title = {Churchill and the Commons Chamber},
    year = {2011},
    note = {\url{https://www.parliament.uk/about/living-heritage/building/palace/architecture/palacestructure/churchill/}}
}

@ELECTRONIC{ByrneViolence,
    title = {Commons Brawl},
    author = {Eugene Byrne},
    publication = {HistoryExtra},
    year = {2011},
    note = {\url{https://www.historyextra.com/qa/commons-brawl}}
}

@ELECTRONIC{WVS2009,
    title = {WORLD VALUES SURVEY 1981-2008 OFFICIAL AGGREGATE v.20090901},
    author = {{World Values Survey Association}},
    year = {2009},
    note = {\url{https://www.wvsevsdb.com/wvs/WVSData.jsp}}
}

@article{Zuckerman2004,
  author = {Zuckerman, Elaine and Greenberg, Marcia},
  title = {{The Gender Dimensions of Post-Conflict Reconstruction: An Analytical Framework for Policymakers}},
  journal = {Gender {\&} Development},
  year = {2004},
  volume = {12},
  number = {3},
  pages = {70--82}
}
