@Manual{CiteR,
  title = {R: A Language and Environment for Statistical Computing},
  author = {{R Core Team}},
  organization = {R Foundation for Statistical Computing},
  address = {Vienna, Austria},
  year = {2014},
  url = {https://www.R-project.org/},
  note = {Version 3.0.3}, 
}
@Manual{R-car,
  title = {car: Companion to Applied Regression},
  author = {John Fox and Sanford Weisberg},
  year = {2013},
  note = {R package version 2.0-19},
  url = {https://CRAN.R-project.org/package=car},
}
@Manual{R-devtools,
  title = {devtools: Tools to make developing R code easier},
  author = {Hadley Wickham and Winston Chang},
  year = {2013},
  note = {R package version 1.4.1},
  url = {https://CRAN.R-project.org/package=devtools},
}
@Manual{R-ggplot2,
  title = {ggplot2: An implementation of the Grammar of Graphics},
  author = {Hadley Wickham and Winston Chang},
  year = {2013},
  note = {R package version 0.9.3.1},
  url = {https://CRAN.R-project.org/package=ggplot2},
}
@Manual{R-gridExtra,
  title = {gridExtra: functions in Grid graphics},
  author = {Baptiste Auguie},
  year = {2012},
  note = {R package version 0.9.1},
  url = {https://CRAN.R-project.org/package=gridExtra},
}
@Manual{R-knitr,
  title = {knitr: A general-purpose package for dynamic report generation in R},
  author = {Yihui Xie},
  year = {2013},
  note = {R package version 1.5},
  url = {https://CRAN.R-project.org/package=knitr},
}
@Manual{R-MASS,
  title = {MASS: Support Functions and Datasets for Venables and Ripley's MASS},
  author = {Brian Ripley},
  year = {2014},
  note = {R package version 7.3-31},
  url = {https://CRAN.R-project.org/package=MASS},
}
@Manual{R-repmis,
  title = {repmis: A collection of miscellaneous tools for reproducible research with R.},
  author = {Christopher Gandrud},
  year = {2014},
  note = {R package version 0.2.8},
  url = {https://cran.r-project.org/web/packages/repmis/},
}
@Manual{R-simPH,
  title = {simPH: Tools for simulating and plotting quantities of interest estimated from
Cox Proportional Hazards models},
  author = {Christopher Gandrud},
  year = {2014},
  note = {R package version 1.2},
  url = {https://christophergandrud.github.io/simPH/},
}
@Manual{R-SPIn,
  title = {SPIn: Simulation-efficient Shortest Probability Intervals},
  author = {Ying Liu},
  year = {2013},
  note = {R package version 1.1},
  url = {https://CRAN.R-project.org/package=SPIn},
}
@Manual{R-survival,
  title = {survival: Survival Analysis},
  author = {Terry Therneau},
  year = {2014},
  note = {R package version 2.37-7},
  url = {https://CRAN.R-project.org/package=survival},
}
@Manual{R-Zelig,
  title = {Zelig: Everyone's Statistical Software},
  author = {Matt Owen and Kosuke Imai and Gary King and Olivia Lau},
  year = {2013},
  note = {R package version 4.2-1},
  url = {https://CRAN.R-project.org/package=Zelig},
}
